
    <record>
      <header>
        <identifier>oai:mst.rochester.edu:MetadataServicesToolkit/marcnormalization/383</identifier>
        <datestamp>2012-01-09T19:09:09Z</datestamp>
        <setSpec>MARCXMLbibliographic</setSpec>
      </header>
      <metadata>
        <marc:record xmlns:marc="http://www.loc.gov/MARC21/slim" xmlns:xsi="http://www.w3.org/2001/XMLSchema-instance" xsi:schemaLocation="http://www.loc.gov/MARC21/slim http://localhost:8080/OAIToolkit/schema/MARC21slim_custom.xsd">
          <marc:leader>01675cam a2200385Ia 4500</marc:leader>
          <marc:controlfield tag="001">807553</marc:controlfield>
          <marc:controlfield tag="003">IITdb</marc:controlfield>
          <marc:controlfield tag="005">20100827142037.0</marc:controlfield>
          <marc:controlfield tag="006">m        d        </marc:controlfield>
          <marc:controlfield tag="007">cr cn|</marc:controlfield>
          <marc:controlfield tag="008">090311s2009    nyua    sb    001 0 eng d</marc:controlfield>
          <marc:datafield ind1=" " ind2=" " tag="020">
            <marc:subfield code="a">9780387684369</marc:subfield>
          </marc:datafield>
          <marc:datafield ind1=" " ind2=" " tag="020">
            <marc:subfield code="a">0387684360</marc:subfield>
          </marc:datafield>
          <marc:datafield ind1=" " ind2=" " tag="035">
            <marc:subfield code="a">(OCoLC)314182885</marc:subfield>
          </marc:datafield>
          <marc:datafield ind1=" " ind2=" " tag="037">
            <marc:subfield code="a">978-0-387-40293-2</marc:subfield>
            <marc:subfield code="b">Springer</marc:subfield>
            <marc:subfield code="n">http://www.springerlink.com</marc:subfield>
          </marc:datafield>
          <marc:datafield ind1=" " ind2=" " tag="040">
            <marc:subfield code="a">GW5XE</marc:subfield>
            <marc:subfield code="b">eng</marc:subfield>
            <marc:subfield code="c">GW5XE</marc:subfield>
          </marc:datafield>
          <marc:datafield ind1=" " ind2=" " tag="049">
            <marc:subfield code="a">ILLA</marc:subfield>
          </marc:datafield>
          <marc:datafield ind1="1" ind2="4" tag="050">
            <marc:subfield code="a">QA10.3</marc:subfield>
            <marc:subfield code="b">.G58 2009eb</marc:subfield>
          </marc:datafield>
          <marc:datafield ind1="0" ind2="4" tag="082">
            <marc:subfield code="a">511.324</marc:subfield>
            <marc:subfield code="2">22</marc:subfield>
          </marc:datafield>
          <marc:datafield ind1="1" ind2=" " tag="100">
            <marc:subfield code="a">Givant, Steven R.</marc:subfield>
            <marc:subfield code="4">aut</marc:subfield>
          </marc:datafield>
          <marc:datafield ind1="1" ind2="0" tag="245">
            <marc:subfield code="a">Introduction to boolean algebras</marc:subfield>
            <marc:subfield code="h">[electronic resource] /</marc:subfield>
            <marc:subfield code="c">Steven Givant, Paul Halmos.</marc:subfield>
          </marc:datafield>
          <marc:datafield ind1=" " ind2=" " tag="260">
            <marc:subfield code="a">New York :</marc:subfield>
            <marc:subfield code="b">Springer,</marc:subfield>
            <marc:subfield code="c">c2009.</marc:subfield>
          </marc:datafield>
          <marc:datafield ind1=" " ind2=" " tag="300">
            <marc:subfield code="a">xiv, 574 p. :</marc:subfield>
            <marc:subfield code="b">ill. ;</marc:subfield>
            <marc:subfield code="c">25 cm.</marc:subfield>
          </marc:datafield>
          <marc:datafield ind1="1" ind2=" " tag="490">
            <marc:subfield code="a">Undergraduate texts in mathematics,</marc:subfield>
            <marc:subfield code="x">0172-6056</marc:subfield>
          </marc:datafield>
          <marc:datafield ind1=" " ind2=" " tag="504">
            <marc:subfield code="a">Includes bibliographical references (p. [536]-541) and index.</marc:subfield>
          </marc:datafield>
          <marc:datafield ind1=" " ind2=" " tag="533">
            <marc:subfield code="a">Electronic reproduction.</marc:subfield>
            <marc:subfield code="b">New York :</marc:subfield>
            <marc:subfield code="c">Springer,</marc:subfield>
            <marc:subfield code="d">2009.</marc:subfield>
            <marc:subfield code="n">Mode of access: World Wide Web.</marc:subfield>
            <marc:subfield code="n">System requirements: Web browser.</marc:subfield>
            <marc:subfield code="n">Title from title screen (viewed on Mar. 9, 2009).</marc:subfield>
            <marc:subfield code="n">Access may be restricted to users at subscribing institutions.</marc:subfield>
          </marc:datafield>
          <marc:datafield ind1=" " ind2="0" tag="650">
            <marc:subfield code="a">Algebra, Boolean.</marc:subfield>
          </marc:datafield>
          <marc:datafield ind1=" " ind2="0" tag="655">
            <marc:subfield code="a">Electronic books.</marc:subfield>
          </marc:datafield>
          <marc:datafield ind1="1" ind2=" " tag="700">
            <marc:subfield code="a">Halmos, Paul R.</marc:subfield>
            <marc:subfield code="q">(Paul Richard),</marc:subfield>
            <marc:subfield code="d">1916-2006.</marc:subfield>
          </marc:datafield>
          <marc:datafield ind1="2" ind2=" " tag="710">
            <marc:subfield code="a">SpringerLink (Online service)</marc:subfield>
          </marc:datafield>
          <marc:datafield ind1="1" ind2=" " tag="776">
            <marc:subfield code="c">Original</marc:subfield>
            <marc:subfield code="z">9780387402932</marc:subfield>
            <marc:subfield code="z">0387402934</marc:subfield>
            <marc:subfield code="w">(OCoLC)258078751</marc:subfield>
          </marc:datafield>
          <marc:datafield ind1=" " ind2="0" tag="830">
            <marc:subfield code="a">Undergraduate texts in mathematics.</marc:subfield>
          </marc:datafield>
          <marc:datafield ind1="0" ind2=" " tag="852">
            <marc:subfield code="b">GER</marc:subfield>
            <marc:subfield code="h">QA10.3</marc:subfield>
            <marc:subfield code="i">.G58 2009eb</marc:subfield>
          </marc:datafield>
          <marc:datafield ind1="4" ind2="0" tag="856">
            <marc:subfield code="3">SpringerLink</marc:subfield>
            <marc:subfield code="u">http://ezproxy.gl.iit.edu/login?url=http://dx.doi.org/10.1007/978-0-387-68436-9</marc:subfield>
            <marc:subfield code="z">Access to the electronic version for current IIT main &amp; branch campus students, faculty, &amp; staff.</marc:subfield>
          </marc:datafield>
          <marc:datafield ind1=" " ind2=" " tag="994">
            <marc:subfield code="a">92</marc:subfield>
            <marc:subfield code="b">ILL</marc:subfield>
          </marc:datafield>
          <marc:datafield tag="931" ind1=" " ind2=" ">
            <marc:subfield code="a">Text</marc:subfield>
            <marc:subfield code="5">UIUdb</marc:subfield>
          </marc:datafield>
          <marc:datafield tag="932" ind1=" " ind2=" ">
            <marc:subfield code="a">Language material</marc:subfield>
            <marc:subfield code="5">UIUdb</marc:subfield>
          </marc:datafield>
          <marc:datafield tag="932" ind1=" " ind2=" ">
            <marc:subfield code="a">Computer file</marc:subfield>
            <marc:subfield code="5">UIUdb</marc:subfield>
          </marc:datafield>
          <marc:datafield tag="933" ind1=" " ind2=" ">
            <marc:subfield code="a">Text</marc:subfield>
            <marc:subfield code="5">UIUdb</marc:subfield>
          </marc:datafield>
          <marc:datafield tag="935" ind1=" " ind2=" ">
            <marc:subfield code="a">Monograph/Item</marc:subfield>
            <marc:subfield code="5">UIUdb</marc:subfield>
          </marc:datafield>
          <marc:datafield tag="933" ind1=" " ind2=" ">
            <marc:subfield code="a">Electronic resource</marc:subfield>
            <marc:subfield code="5">UIUdb</marc:subfield>
          </marc:datafield>
          <marc:datafield tag="934" ind1=" " ind2=" ">
            <marc:subfield code="a">Remote</marc:subfield>
            <marc:subfield code="5">UIUdb</marc:subfield>
          </marc:datafield>
          <marc:datafield tag="937" ind1=" " ind2=" ">
            <marc:subfield code="a">Non-Fiction</marc:subfield>
            <marc:subfield code="5">UIUdb</marc:subfield>
          </marc:datafield>
          <marc:datafield tag="941" ind1=" " ind2=" ">
            <marc:subfield code="a">eng</marc:subfield>
            <marc:subfield code="5">UIUdb</marc:subfield>
          </marc:datafield>
          <marc:datafield tag="943" ind1=" " ind2=" ">
            <marc:subfield code="a">English</marc:subfield>
            <marc:subfield code="5">UIUdb</marc:subfield>
          </marc:datafield>
          <marc:datafield tag="947" ind1=" " ind2=" ">
            <marc:subfield code="a">9780387684369</marc:subfield>
            <marc:subfield code="5">UIUdb</marc:subfield>
          </marc:datafield>
          <marc:datafield tag="947" ind1=" " ind2=" ">
            <marc:subfield code="a">0387684360</marc:subfield>
            <marc:subfield code="5">UIUdb</marc:subfield>
          </marc:datafield>
          <marc:datafield tag="240" ind1="0" ind2="0">
            <marc:subfield code="a">Introduction to boolean algebras</marc:subfield>
          </marc:datafield>
        </marc:record>
      </metadata>
    </record>
    <record>
      <header>
        <identifier>oai:mst.rochester.edu:MetadataServicesToolkit/marcnormalization/384</identifier>
        <datestamp>2012-01-09T19:09:09Z</datestamp>
        <setSpec>MARCXMLholding</setSpec>
      </header>
      <metadata>
        <marc:record xmlns:marc="http://www.loc.gov/MARC21/slim" xmlns:xsi="http://www.w3.org/2001/XMLSchema-instance" xsi:schemaLocation="http://www.loc.gov/MARC21/slim http://localhost:8080/OAIToolkit/schema/MARC21slim_custom.xsd">
          <marc:leader>00406nx  a22001091  4500</marc:leader>
          <marc:controlfield tag="001">620253</marc:controlfield>
          <marc:controlfield tag="003">IITdb</marc:controlfield>
          <marc:controlfield tag="004">807553</marc:controlfield>
          <marc:controlfield tag="005">20100827142042.0</marc:controlfield>
          <marc:controlfield tag="008">1008270u||||8|||4001uu|||0000000</marc:controlfield>
          <marc:datafield ind1="0" ind2=" " tag="852">
            <marc:subfield code="b">GER</marc:subfield>
            <marc:subfield code="h">QA10.3</marc:subfield>
            <marc:subfield code="i">.G58 2009eb</marc:subfield>
          </marc:datafield>
          <marc:datafield ind1="4" ind2="0" tag="856">
            <marc:subfield code="3">SpringerLink</marc:subfield>
            <marc:subfield code="u">http://ezproxy.gl.iit.edu/login?url=http://dx.doi.org/10.1007/978-0-387-68436-9</marc:subfield>
            <marc:subfield code="z">Access to the electronic version for current IIT main &amp; branch campus students, faculty, &amp; staff.</marc:subfield>
          </marc:datafield>
        </marc:record>
      </metadata>
    </record>