
    <record>
      <header>
        <identifier>oai:mst.rochester.edu:MetadataServicesToolkit/marcnormalization/403</identifier>
        <datestamp>2012-01-09T19:09:09Z</datestamp>
        <setSpec>MARCXMLbibliographic</setSpec>
      </header>
      <metadata>
        <marc:record xmlns:marc="http://www.loc.gov/MARC21/slim" xmlns:xsi="http://www.w3.org/2001/XMLSchema-instance" xsi:schemaLocation="http://www.loc.gov/MARC21/slim http://localhost:8080/OAIToolkit/schema/MARC21slim_custom.xsd">
          <marc:leader>01483cam a2200445 a 4500</marc:leader>
          <marc:controlfield tag="001">986302</marc:controlfield>
          <marc:controlfield tag="003">ISUdb</marc:controlfield>
          <marc:controlfield tag="005">20100427235223.0</marc:controlfield>
          <marc:controlfield tag="008">990727s2000    nyu    c      000 1 eng  </marc:controlfield>
          <marc:datafield ind1=" " ind2=" " tag="010">
            <marc:subfield code="a">   99042699 </marc:subfield>
          </marc:datafield>
          <marc:datafield ind1=" " ind2=" " tag="020">
            <marc:subfield code="a">0060277300</marc:subfield>
          </marc:datafield>
          <marc:datafield ind1=" " ind2=" " tag="020">
            <marc:subfield code="a">0060277319 (lib. bdg.)</marc:subfield>
          </marc:datafield>
          <marc:datafield ind1=" " ind2=" " tag="035">
            <marc:subfield code="a">(OCoLC)42061091</marc:subfield>
          </marc:datafield>
          <marc:datafield ind1=" " ind2=" " tag="035">
            <marc:subfield code="9">DYY-6697</marc:subfield>
          </marc:datafield>
          <marc:datafield ind1=" " ind2=" " tag="040">
            <marc:subfield code="a">DLC</marc:subfield>
            <marc:subfield code="c">DLC</marc:subfield>
          </marc:datafield>
          <marc:datafield ind1=" " ind2=" " tag="042">
            <marc:subfield code="a">lcac</marc:subfield>
          </marc:datafield>
          <marc:datafield ind1=" " ind2=" " tag="049">
            <marc:subfield code="a">IADA</marc:subfield>
          </marc:datafield>
          <marc:datafield ind1="0" ind2="0" tag="050">
            <marc:subfield code="a">PZ7.C8615</marc:subfield>
            <marc:subfield code="b">Wan 2000</marc:subfield>
          </marc:datafield>
          <marc:datafield ind1="0" ind2="0" tag="082">
            <marc:subfield code="a">[Fic]</marc:subfield>
            <marc:subfield code="2">21</marc:subfield>
          </marc:datafield>
          <marc:datafield ind1="1" ind2=" " tag="100">
            <marc:subfield code="a">Creech, Sharon.</marc:subfield>
            <marc:subfield code="4">aut</marc:subfield>
          </marc:datafield>
          <marc:datafield ind1="1" ind2="4" tag="245">
            <marc:subfield code="a">The Wanderer /</marc:subfield>
            <marc:subfield code="c">by Sharon Creech ; drawings by David Diaz.</marc:subfield>
          </marc:datafield>
          <marc:datafield ind1=" " ind2=" " tag="260">
            <marc:subfield code="a">New York :</marc:subfield>
            <marc:subfield code="b">HarperCollinsPublishers,</marc:subfield>
            <marc:subfield code="c">2000.</marc:subfield>
          </marc:datafield>
          <marc:datafield ind1=" " ind2=" " tag="300">
            <marc:subfield code="a">305 p. ;</marc:subfield>
            <marc:subfield code="c">22 cm.</marc:subfield>
          </marc:datafield>
          <marc:datafield ind1=" " ind2=" " tag="500">
            <marc:subfield code="a">"Joanna Cotler books."</marc:subfield>
          </marc:datafield>
          <marc:datafield ind1=" " ind2=" " tag="500">
            <marc:subfield code="a">"Newbery Honor book."</marc:subfield>
          </marc:datafield>
          <marc:datafield ind1=" " ind2=" " tag="520">
            <marc:subfield code="a">Thirteen-year-old Sophie and her cousin Cody record their transatlantic crossing aboard the Wanderer, a forty-five foot sailboat, which, along with uncles and another cousin, is en route to visit their grandfather in England.</marc:subfield>
          </marc:datafield>
          <marc:datafield ind1=" " ind2="0" tag="650">
            <marc:subfield code="a">Grandfathers</marc:subfield>
            <marc:subfield code="v">Juvenile fiction.</marc:subfield>
          </marc:datafield>
          <marc:datafield ind1=" " ind2="0" tag="650">
            <marc:subfield code="a">Sailboats</marc:subfield>
            <marc:subfield code="v">Juvenile fiction.</marc:subfield>
          </marc:datafield>
          <marc:datafield ind1=" " ind2="0" tag="650">
            <marc:subfield code="a">Sailing</marc:subfield>
            <marc:subfield code="v">Juvenile fiction.</marc:subfield>
          </marc:datafield>
          <marc:datafield ind1=" " ind2="0" tag="650">
            <marc:subfield code="a">Families</marc:subfield>
            <marc:subfield code="v">Juvenile fiction.</marc:subfield>
          </marc:datafield>
          <marc:datafield ind1=" " ind2="0" tag="650">
            <marc:subfield code="a">Sea stories</marc:subfield>
            <marc:subfield code="v">Juvenile fiction.</marc:subfield>
          </marc:datafield>
          <marc:datafield ind1=" " ind2="0" tag="650">
            <marc:subfield code="a">Ocean</marc:subfield>
            <marc:subfield code="v">Juvenile fiction.</marc:subfield>
          </marc:datafield>
          <marc:datafield ind1=" " ind2="1" tag="650">
            <marc:subfield code="a">Sailboats</marc:subfield>
            <marc:subfield code="v">Fiction.</marc:subfield>
          </marc:datafield>
          <marc:datafield ind1=" " ind2="1" tag="650">
            <marc:subfield code="a">Sailing</marc:subfield>
            <marc:subfield code="v">Fiction.</marc:subfield>
          </marc:datafield>
          <marc:datafield ind1=" " ind2="1" tag="650">
            <marc:subfield code="a">Ocean</marc:subfield>
            <marc:subfield code="v">Fiction.</marc:subfield>
          </marc:datafield>
          <marc:datafield ind1=" " ind2="1" tag="650">
            <marc:subfield code="a">Family life</marc:subfield>
            <marc:subfield code="v">Fiction.</marc:subfield>
          </marc:datafield>
          <marc:datafield ind1=" " ind2="1" tag="650">
            <marc:subfield code="a">Grandfathers</marc:subfield>
            <marc:subfield code="v">Fiction.</marc:subfield>
          </marc:datafield>
          <marc:datafield ind1=" " ind2="1" tag="650">
            <marc:subfield code="a">Sea stories.</marc:subfield>
          </marc:datafield>
          <marc:datafield ind1="1" ind2=" " tag="700">
            <marc:subfield code="a">Diaz, David,</marc:subfield>
            <marc:subfield code="e">ill.</marc:subfield>
          </marc:datafield>
          <marc:datafield ind1=" " ind2=" " tag="994">
            <marc:subfield code="a">E0</marc:subfield>
            <marc:subfield code="b">IAD</marc:subfield>
          </marc:datafield>
          <marc:datafield tag="931" ind1=" " ind2=" ">
            <marc:subfield code="a">Text</marc:subfield>
            <marc:subfield code="5">UIUdb</marc:subfield>
          </marc:datafield>
          <marc:datafield tag="932" ind1=" " ind2=" ">
            <marc:subfield code="a">Language material</marc:subfield>
            <marc:subfield code="5">UIUdb</marc:subfield>
          </marc:datafield>
          <marc:datafield tag="933" ind1=" " ind2=" ">
            <marc:subfield code="a">Text</marc:subfield>
            <marc:subfield code="5">UIUdb</marc:subfield>
          </marc:datafield>
          <marc:datafield tag="935" ind1=" " ind2=" ">
            <marc:subfield code="a">Monograph/Item</marc:subfield>
            <marc:subfield code="5">UIUdb</marc:subfield>
          </marc:datafield>
          <marc:datafield tag="937" ind1=" " ind2=" ">
            <marc:subfield code="a">Fiction</marc:subfield>
            <marc:subfield code="5">UIUdb</marc:subfield>
          </marc:datafield>
          <marc:datafield tag="941" ind1=" " ind2=" ">
            <marc:subfield code="a">eng</marc:subfield>
            <marc:subfield code="5">UIUdb</marc:subfield>
          </marc:datafield>
          <marc:datafield tag="943" ind1=" " ind2=" ">
            <marc:subfield code="a">English</marc:subfield>
            <marc:subfield code="5">UIUdb</marc:subfield>
          </marc:datafield>
          <marc:datafield tag="945" ind1=" " ind2=" ">
            <marc:subfield code="a">Pre-adolescent</marc:subfield>
            <marc:subfield code="5">UIUdb</marc:subfield>
          </marc:datafield>
          <marc:datafield tag="947" ind1=" " ind2=" ">
            <marc:subfield code="a">0060277300</marc:subfield>
            <marc:subfield code="5">UIUdb</marc:subfield>
          </marc:datafield>
          <marc:datafield tag="947" ind1=" " ind2=" ">
            <marc:subfield code="a">0060277319 </marc:subfield>
            <marc:subfield code="5">UIUdb</marc:subfield>
          </marc:datafield>
          <marc:datafield tag="240" ind1="0" ind2="0">
            <marc:subfield code="a">Wanderer /</marc:subfield>
          </marc:datafield>
          <marc:datafield tag="965" ind1=" " ind2="0">
            <marc:subfield code="a">Grandfathers</marc:subfield>
            <marc:subfield code="5">UIUdb</marc:subfield>
          </marc:datafield>
          <marc:datafield tag="965" ind1=" " ind2="0">
            <marc:subfield code="a">Sailboats</marc:subfield>
            <marc:subfield code="5">UIUdb</marc:subfield>
          </marc:datafield>
          <marc:datafield tag="965" ind1=" " ind2="0">
            <marc:subfield code="a">Sailing</marc:subfield>
            <marc:subfield code="5">UIUdb</marc:subfield>
          </marc:datafield>
          <marc:datafield tag="965" ind1=" " ind2="0">
            <marc:subfield code="a">Families</marc:subfield>
            <marc:subfield code="5">UIUdb</marc:subfield>
          </marc:datafield>
          <marc:datafield tag="965" ind1=" " ind2="0">
            <marc:subfield code="a">Sea stories</marc:subfield>
            <marc:subfield code="5">UIUdb</marc:subfield>
          </marc:datafield>
          <marc:datafield tag="965" ind1=" " ind2="0">
            <marc:subfield code="a">Ocean</marc:subfield>
            <marc:subfield code="5">UIUdb</marc:subfield>
          </marc:datafield>
          <marc:datafield tag="965" ind1=" " ind2="1">
            <marc:subfield code="a">Sailboats</marc:subfield>
            <marc:subfield code="5">UIUdb</marc:subfield>
          </marc:datafield>
          <marc:datafield tag="965" ind1=" " ind2="1">
            <marc:subfield code="a">Sailing</marc:subfield>
            <marc:subfield code="5">UIUdb</marc:subfield>
          </marc:datafield>
          <marc:datafield tag="965" ind1=" " ind2="1">
            <marc:subfield code="a">Ocean</marc:subfield>
            <marc:subfield code="5">UIUdb</marc:subfield>
          </marc:datafield>
          <marc:datafield tag="965" ind1=" " ind2="1">
            <marc:subfield code="a">Family life</marc:subfield>
            <marc:subfield code="5">UIUdb</marc:subfield>
          </marc:datafield>
          <marc:datafield tag="965" ind1=" " ind2="1">
            <marc:subfield code="a">Grandfathers</marc:subfield>
            <marc:subfield code="5">UIUdb</marc:subfield>
          </marc:datafield>
          <marc:datafield tag="969" ind1=" " ind2="0">
            <marc:subfield code="v">Juvenile fiction.</marc:subfield>
            <marc:subfield code="5">UIUdb</marc:subfield>
          </marc:datafield>
          <marc:datafield tag="969" ind1=" " ind2="1">
            <marc:subfield code="v">Fiction.</marc:subfield>
            <marc:subfield code="5">UIUdb</marc:subfield>
          </marc:datafield>
          <marc:datafield tag="246" ind1="3" ind2="0">
            <marc:subfield code="a">Wanderer /</marc:subfield>
          </marc:datafield>
        </marc:record>
      </metadata>
    </record>
    <record>
      <header>
        <identifier>oai:mst.rochester.edu:MetadataServicesToolkit/marcnormalization/404</identifier>
        <datestamp>2012-01-09T19:09:09Z</datestamp>
        <setSpec>MARCXMLholding</setSpec>
      </header>
      <metadata>
        <marc:record xmlns:marc="http://www.loc.gov/MARC21/slim" xmlns:xsi="http://www.w3.org/2001/XMLSchema-instance" xsi:schemaLocation="http://www.loc.gov/MARC21/slim http://localhost:8080/OAIToolkit/schema/MARC21slim_custom.xsd">
          <marc:leader>00267cx  a22001335  4500</marc:leader>
          <marc:controlfield tag="001">1042110</marc:controlfield>
          <marc:controlfield tag="003">ISUdb</marc:controlfield>
          <marc:controlfield tag="004">986302</marc:controlfield>
          <marc:controlfield tag="005">20101101103845.0</marc:controlfield>
          <marc:controlfield tag="007">ta</marc:controlfield>
          <marc:controlfield tag="008">0009162u    0   4001uueng0000916</marc:controlfield>
          <marc:datafield ind1="0" ind2=" " tag="014">
            <marc:subfield code="9">DZK-7337</marc:subfield>
          </marc:datafield>
          <marc:datafield ind1="8" ind2=" " tag="852">
            <marc:subfield code="b">tmcfic</marc:subfield>
            <marc:subfield code="k">TMC</marc:subfield>
            <marc:subfield code="h">Fiction</marc:subfield>
            <marc:subfield code="i">CRE</marc:subfield>
            <marc:subfield code="t">1</marc:subfield>
          </marc:datafield>
        </marc:record>
      </metadata>
    </record>
    <record>
      <header>
        <identifier>oai:mst.rochester.edu:MetadataServicesToolkit/marcnormalization/405</identifier>
        <datestamp>2012-01-09T19:09:09Z</datestamp>
        <setSpec>MARCXMLholding</setSpec>
      </header>
      <metadata>
        <marc:record xmlns:marc="http://www.loc.gov/MARC21/slim" xmlns:xsi="http://www.w3.org/2001/XMLSchema-instance" xsi:schemaLocation="http://www.loc.gov/MARC21/slim http://localhost:8080/OAIToolkit/schema/MARC21slim_custom.xsd">
          <marc:leader>00327cx  a22000971  4500</marc:leader>
          <marc:controlfield tag="001">1193031</marc:controlfield>
          <marc:controlfield tag="003">ISUdb</marc:controlfield>
          <marc:controlfield tag="004">986302</marc:controlfield>
          <marc:controlfield tag="005">20070618122636.0</marc:controlfield>
          <marc:controlfield tag="008">0409230u||||8|||4001uu|||0000000</marc:controlfield>
          <marc:datafield ind1="8" ind2=" " tag="852">
            <marc:subfield code="b">metfic</marc:subfield>
            <marc:subfield code="h">Cre</marc:subfield>
            <marc:subfield code="t">1</marc:subfield>
            <marc:subfield code="z">Metcalf collection circulates to Metcalf faculty, staff, and students; other patrons with valid IDs may view materials within the library</marc:subfield>
          </marc:datafield>
        </marc:record>
      </metadata>
    </record>