
    <record>
      <header>
        <identifier>oai:mst.rochester.edu:MetadataServicesToolkit/marcnormalization/417</identifier>
        <datestamp>2012-01-09T19:09:09Z</datestamp>
        <setSpec>MARCXMLbibliographic</setSpec>
      </header>
      <metadata>
        <marc:record xmlns:marc="http://www.loc.gov/MARC21/slim" xmlns:xsi="http://www.w3.org/2001/XMLSchema-instance" xsi:schemaLocation="http://www.loc.gov/MARC21/slim http://localhost:8080/OAIToolkit/schema/MARC21slim_custom.xsd">
          <marc:leader>02569cas a2200493 a 4500</marc:leader>
          <marc:controlfield tag="001">24986</marc:controlfield>
          <marc:controlfield tag="003">ISUdb</marc:controlfield>
          <marc:controlfield tag="005">20090403234803.0</marc:controlfield>
          <marc:controlfield tag="008">740108c19749999dcuar1   f   f0   a0eng  </marc:controlfield>
          <marc:datafield ind1=" " ind2=" " tag="010">
            <marc:subfield code="a">   73646537 //r86 </marc:subfield>
            <marc:subfield code="z">  73064653</marc:subfield>
          </marc:datafield>
          <marc:datafield ind1=" " ind2=" " tag="022">
            <marc:subfield code="a">0092-1904</marc:subfield>
          </marc:datafield>
          <marc:datafield ind1=" " ind2=" " tag="035">
            <marc:subfield code="a">(OCoLC)1788884</marc:subfield>
          </marc:datafield>
          <marc:datafield ind1=" " ind2=" " tag="035">
            <marc:subfield code="9">AAM-5683</marc:subfield>
          </marc:datafield>
          <marc:datafield ind1=" " ind2=" " tag="035">
            <marc:subfield code="a">(ISUdb)24986</marc:subfield>
          </marc:datafield>
          <marc:datafield ind1=" " ind2=" " tag="040">
            <marc:subfield code="d">OCL</marc:subfield>
            <marc:subfield code="d">DLC</marc:subfield>
            <marc:subfield code="d">GPO</marc:subfield>
            <marc:subfield code="d">DLC</marc:subfield>
            <marc:subfield code="d">NST</marc:subfield>
            <marc:subfield code="d">DLC</marc:subfield>
            <marc:subfield code="d">NST</marc:subfield>
            <marc:subfield code="d">RCS</marc:subfield>
            <marc:subfield code="d">OCL</marc:subfield>
            <marc:subfield code="d">NST</marc:subfield>
            <marc:subfield code="d">HUL</marc:subfield>
            <marc:subfield code="d">NST</marc:subfield>
            <marc:subfield code="d">NSD</marc:subfield>
            <marc:subfield code="d">NST</marc:subfield>
            <marc:subfield code="d">GPO</marc:subfield>
            <marc:subfield code="d">HUL</marc:subfield>
            <marc:subfield code="d">OCL</marc:subfield>
            <marc:subfield code="d">FUG</marc:subfield>
            <marc:subfield code="d">NST</marc:subfield>
            <marc:subfield code="d">GPO</marc:subfield>
            <marc:subfield code="d">DLC</marc:subfield>
            <marc:subfield code="d">OCL</marc:subfield>
            <marc:subfield code="d">HUL</marc:subfield>
            <marc:subfield code="d">NSD</marc:subfield>
            <marc:subfield code="d">OCL</marc:subfield>
            <marc:subfield code="d">GPO</marc:subfield>
            <marc:subfield code="d">NST</marc:subfield>
            <marc:subfield code="d">GPO</marc:subfield>
            <marc:subfield code="d">NST</marc:subfield>
            <marc:subfield code="d">AGL</marc:subfield>
            <marc:subfield code="d">NST</marc:subfield>
            <marc:subfield code="d">OCL</marc:subfield>
            <marc:subfield code="d">NST</marc:subfield>
            <marc:subfield code="d">GPO</marc:subfield>
            <marc:subfield code="d">DLC</marc:subfield>
            <marc:subfield code="d">GPO</marc:subfield>
            <marc:subfield code="d">IUL</marc:subfield>
            <marc:subfield code="d">GPO</marc:subfield>
            <marc:subfield code="d">IUL</marc:subfield>
            <marc:subfield code="d">GPO</marc:subfield>
            <marc:subfield code="d">DLC</marc:subfield>
            <marc:subfield code="d">MvI</marc:subfield>
          </marc:datafield>
          <marc:datafield ind1=" " ind2=" " tag="042">
            <marc:subfield code="a">lc</marc:subfield>
            <marc:subfield code="a">nsdp</marc:subfield>
          </marc:datafield>
          <marc:datafield ind1=" " ind2=" " tag="043">
            <marc:subfield code="a">n-us---</marc:subfield>
          </marc:datafield>
          <marc:datafield ind1=" " ind2=" " tag="049">
            <marc:subfield code="a">SPIC</marc:subfield>
          </marc:datafield>
          <marc:datafield ind1="0" ind2="0" tag="050">
            <marc:subfield code="a">JK421</marc:subfield>
            <marc:subfield code="b">.A3</marc:subfield>
          </marc:datafield>
          <marc:datafield ind1="0" ind2=" " tag="060">
            <marc:subfield code="a">JK 421 U57</marc:subfield>
          </marc:datafield>
          <marc:datafield ind1="0" ind2=" " tag="070">
            <marc:subfield code="a">173.2</marc:subfield>
            <marc:subfield code="b">N212U</marc:subfield>
          </marc:datafield>
          <marc:datafield ind1=" " ind2="0" tag="072">
            <marc:subfield code="a">X800</marc:subfield>
          </marc:datafield>
          <marc:datafield ind1=" " ind2=" " tag="074">
            <marc:subfield code="a">0577</marc:subfield>
          </marc:datafield>
          <marc:datafield ind1=" " ind2=" " tag="074">
            <marc:subfield code="a">0577 (online)</marc:subfield>
          </marc:datafield>
          <marc:datafield ind1=" " ind2=" " tag="082">
            <marc:subfield code="a">353</marc:subfield>
          </marc:datafield>
          <marc:datafield ind1="0" ind2=" " tag="086">
            <marc:subfield code="a">AE 2.108/2:</marc:subfield>
          </marc:datafield>
          <marc:datafield ind1="0" ind2=" " tag="130">
            <marc:subfield code="a">United States government manual (Washington, D.C. : 1973)</marc:subfield>
          </marc:datafield>
          <marc:datafield ind1="0" ind2=" " tag="210">
            <marc:subfield code="a">U. S. gov. man.</marc:subfield>
            <marc:subfield code="b">(1974)</marc:subfield>
          </marc:datafield>
          <marc:datafield ind1=" " ind2="0" tag="222">
            <marc:subfield code="a">United States government manual</marc:subfield>
            <marc:subfield code="b">(1974)</marc:subfield>
          </marc:datafield>
          <marc:datafield ind1="0" ind2="4" tag="245">
            <marc:subfield code="a">The United States government manual.</marc:subfield>
          </marc:datafield>
          <marc:datafield ind1=" " ind2=" " tag="260">
            <marc:subfield code="a">Washington, D.C. :</marc:subfield>
            <marc:subfield code="b">Office of the Federal Register, National Archives and Records Service, General Services Administration :</marc:subfield>
            <marc:subfield code="b">For sale by the Supt. of Docs., U.S. G.P.O.,</marc:subfield>
            <marc:subfield code="c">[1973-</marc:subfield>
          </marc:datafield>
          <marc:datafield ind1=" " ind2=" " tag="300">
            <marc:subfield code="a">v. :</marc:subfield>
            <marc:subfield code="b">ill. ;</marc:subfield>
            <marc:subfield code="c">24 cm.</marc:subfield>
          </marc:datafield>
          <marc:datafield ind1=" " ind2=" " tag="310">
            <marc:subfield code="a">Annual</marc:subfield>
          </marc:datafield>
          <marc:datafield ind1="0" ind2=" " tag="362">
            <marc:subfield code="a">1973/74-</marc:subfield>
          </marc:datafield>
          <marc:datafield ind1=" " ind2=" " tag="500">
            <marc:subfield code="a">Published as a special edition of the Federal register.</marc:subfield>
          </marc:datafield>
          <marc:datafield ind1=" " ind2=" " tag="530">
            <marc:subfield code="a">Some issues also available from GPO Access via Internet at the GPO web site (choice of text (full or summary) and PDF). Address as of 3/1/99: http://www.access.gpo.gov/nara/nara001.html ; current access is available via PURL.</marc:subfield>
          </marc:datafield>
          <marc:datafield ind1=" " ind2=" " tag="550">
            <marc:subfield code="a">Vols. for 1985/86-   published by the Office of the Federal Register, National Archives and Records Administration.</marc:subfield>
          </marc:datafield>
          <marc:datafield ind1="4" ind2="1" tag="596">
            <marc:subfield code="u">http://purl.access.gpo.gov/GPO/LPS2410</marc:subfield>
            <marc:subfield code="z">user may browse a specific issue or search for specific terms in one or more issues</marc:subfield>
          </marc:datafield>
          <marc:datafield ind1=" " ind2="0" tag="650">
            <marc:subfield code="a">Executive departments</marc:subfield>
            <marc:subfield code="z">United States</marc:subfield>
            <marc:subfield code="v">Handbooks, manuals, etc.</marc:subfield>
          </marc:datafield>
          <marc:datafield ind1=" " ind2="0" tag="651">
            <marc:subfield code="a">United States</marc:subfield>
            <marc:subfield code="x">Politics and government</marc:subfield>
            <marc:subfield code="v">Handbooks, manuals, etc.</marc:subfield>
          </marc:datafield>
          <marc:datafield ind1="1" ind2=" " tag="710">
            <marc:subfield code="a">United States.</marc:subfield>
            <marc:subfield code="b">Office of the Federal Register.</marc:subfield>
          </marc:datafield>
          <marc:datafield ind1="1" ind2=" " tag="776">
            <marc:subfield code="t">U.S. government manual</marc:subfield>
            <marc:subfield code="w">(OCoLC)32074832</marc:subfield>
          </marc:datafield>
          <marc:datafield ind1="0" ind2="0" tag="780">
            <marc:subfield code="t">United States government organization manual</marc:subfield>
            <marc:subfield code="x">0083-1174</marc:subfield>
            <marc:subfield code="w">(DLC)   35026025</marc:subfield>
            <marc:subfield code="w">(OCoLC)8508797</marc:subfield>
          </marc:datafield>
          <marc:datafield ind1=" " ind2=" " tag="850">
            <marc:subfield code="a">AAP</marc:subfield>
            <marc:subfield code="a">AU</marc:subfield>
            <marc:subfield code="a">CSf</marc:subfield>
            <marc:subfield code="a">CSt</marc:subfield>
            <marc:subfield code="a">CU</marc:subfield>
            <marc:subfield code="a">CU-Riv</marc:subfield>
            <marc:subfield code="a">CU-S</marc:subfield>
            <marc:subfield code="a">CU-SB</marc:subfield>
            <marc:subfield code="a">CaNBFU</marc:subfield>
            <marc:subfield code="a">CtHT</marc:subfield>
            <marc:subfield code="a">CtY-L</marc:subfield>
            <marc:subfield code="a">DLC</marc:subfield>
            <marc:subfield code="a">DNAL</marc:subfield>
            <marc:subfield code="a">DeU</marc:subfield>
            <marc:subfield code="a">FU</marc:subfield>
            <marc:subfield code="a">IC</marc:subfield>
            <marc:subfield code="a">ICA</marc:subfield>
            <marc:subfield code="a">ICRL</marc:subfield>
            <marc:subfield code="a">IaU</marc:subfield>
            <marc:subfield code="a">InU</marc:subfield>
            <marc:subfield code="a">KMK</marc:subfield>
            <marc:subfield code="a">LU</marc:subfield>
            <marc:subfield code="a">MBCo</marc:subfield>
            <marc:subfield code="a">MH-BA</marc:subfield>
            <marc:subfield code="a">MH-CS</marc:subfield>
            <marc:subfield code="a">MH-Ed</marc:subfield>
            <marc:subfield code="a">MH-GM</marc:subfield>
            <marc:subfield code="a">MH-GS</marc:subfield>
            <marc:subfield code="a">MH-Hi</marc:subfield>
            <marc:subfield code="a">MH-KG</marc:subfield>
            <marc:subfield code="a">MH-L</marc:subfield>
            <marc:subfield code="a">MH-SD</marc:subfield>
            <marc:subfield code="a">MH-Z</marc:subfield>
            <marc:subfield code="a">MnU</marc:subfield>
            <marc:subfield code="a">MoSU</marc:subfield>
            <marc:subfield code="a">MtBC</marc:subfield>
            <marc:subfield code="a">N</marc:subfield>
            <marc:subfield code="a">NNC</marc:subfield>
            <marc:subfield code="a">NcD</marc:subfield>
            <marc:subfield code="a">NcD-L</marc:subfield>
            <marc:subfield code="a">NcU</marc:subfield>
            <marc:subfield code="a">NvU</marc:subfield>
            <marc:subfield code="a">OCU</marc:subfield>
            <marc:subfield code="a">OU</marc:subfield>
            <marc:subfield code="a">OrU</marc:subfield>
            <marc:subfield code="a">OrU-S</marc:subfield>
            <marc:subfield code="a">ViRCU-H</marc:subfield>
            <marc:subfield code="a">ViU</marc:subfield>
          </marc:datafield>
          <marc:datafield tag="931" ind1=" " ind2=" ">
            <marc:subfield code="a">Text</marc:subfield>
            <marc:subfield code="5">UIUdb</marc:subfield>
          </marc:datafield>
          <marc:datafield tag="932" ind1=" " ind2=" ">
            <marc:subfield code="a">Language material</marc:subfield>
            <marc:subfield code="5">UIUdb</marc:subfield>
          </marc:datafield>
          <marc:datafield tag="933" ind1=" " ind2=" ">
            <marc:subfield code="a">Text</marc:subfield>
            <marc:subfield code="5">UIUdb</marc:subfield>
          </marc:datafield>
          <marc:datafield tag="935" ind1=" " ind2=" ">
            <marc:subfield code="a">Serial</marc:subfield>
            <marc:subfield code="5">UIUdb</marc:subfield>
          </marc:datafield>
          <marc:datafield tag="937" ind1=" " ind2=" ">
            <marc:subfield code="a">Non-Fiction</marc:subfield>
            <marc:subfield code="5">UIUdb</marc:subfield>
          </marc:datafield>
          <marc:datafield tag="939" ind1=" " ind2=" ">
            <marc:subfield code="a">1974-    </marc:subfield>
            <marc:subfield code="5">UIUdb</marc:subfield>
          </marc:datafield>
          <marc:datafield tag="941" ind1=" " ind2=" ">
            <marc:subfield code="a">eng</marc:subfield>
            <marc:subfield code="5">UIUdb</marc:subfield>
          </marc:datafield>
          <marc:datafield tag="943" ind1=" " ind2=" ">
            <marc:subfield code="a">English</marc:subfield>
            <marc:subfield code="5">UIUdb</marc:subfield>
          </marc:datafield>
          <marc:datafield tag="965" ind1=" " ind2="0">
            <marc:subfield code="a">Executive departments</marc:subfield>
            <marc:subfield code="5">UIUdb</marc:subfield>
          </marc:datafield>
          <marc:datafield tag="965" ind1=" " ind2="0">
            <marc:subfield code="x">Politics and government</marc:subfield>
            <marc:subfield code="5">UIUdb</marc:subfield>
          </marc:datafield>
          <marc:datafield tag="967" ind1=" " ind2="0">
            <marc:subfield code="a">United States</marc:subfield>
            <marc:subfield code="5">UIUdb</marc:subfield>
          </marc:datafield>
          <marc:datafield tag="969" ind1=" " ind2="0">
            <marc:subfield code="v">Handbooks, manuals, etc.</marc:subfield>
            <marc:subfield code="5">UIUdb</marc:subfield>
          </marc:datafield>
        </marc:record>
      </metadata>
    </record>
    <record>
      <header>
        <identifier>oai:mst.rochester.edu:MetadataServicesToolkit/marcnormalization/418</identifier>
        <datestamp>2012-01-09T19:09:09Z</datestamp>
        <setSpec>MARCXMLholding</setSpec>
      </header>
      <metadata>
        <marc:record xmlns:marc="http://www.loc.gov/MARC21/slim" xmlns:xsi="http://www.w3.org/2001/XMLSchema-instance" xsi:schemaLocation="http://www.loc.gov/MARC21/slim http://localhost:8080/OAIToolkit/schema/MARC21slim_custom.xsd">
          <marc:leader>00249cy  a22001215  4500</marc:leader>
          <marc:controlfield tag="001">28052</marc:controlfield>
          <marc:controlfield tag="003">ISUdb</marc:controlfield>
          <marc:controlfield tag="004">24986</marc:controlfield>
          <marc:controlfield tag="005">20090824154317.0</marc:controlfield>
          <marc:controlfield tag="007">ta</marc:controlfield>
          <marc:controlfield tag="008">9808024u    0   0001baeng1980802</marc:controlfield>
          <marc:datafield ind1="3" ind2=" " tag="852">
            <marc:subfield code="b">docshelfnc</marc:subfield>
            <marc:subfield code="h">GS 4.109:</marc:subfield>
            <marc:subfield code="t">1</marc:subfield>
          </marc:datafield>
          <marc:datafield ind1="3" ind2="1" tag="866">
            <marc:subfield code="8">0</marc:subfield>
            <marc:subfield code="a">1973/1974-1984/1985</marc:subfield>
          </marc:datafield>
        </marc:record>
      </metadata>
    </record>
    <record>
      <header>
        <identifier>oai:mst.rochester.edu:MetadataServicesToolkit/marcnormalization/419</identifier>
        <datestamp>2012-01-09T19:09:09Z</datestamp>
        <setSpec>MARCXMLholding</setSpec>
      </header>
      <metadata>
        <marc:record xmlns:marc="http://www.loc.gov/MARC21/slim" xmlns:xsi="http://www.w3.org/2001/XMLSchema-instance" xsi:schemaLocation="http://www.loc.gov/MARC21/slim http://localhost:8080/OAIToolkit/schema/MARC21slim_custom.xsd">
          <marc:leader>00320cy  a22001213  4500</marc:leader>
          <marc:controlfield tag="001">28053</marc:controlfield>
          <marc:controlfield tag="003">ISUdb</marc:controlfield>
          <marc:controlfield tag="004">24986</marc:controlfield>
          <marc:controlfield tag="005">20100824153929.0</marc:controlfield>
          <marc:controlfield tag="007">ta</marc:controlfield>
          <marc:controlfield tag="008">9808020u    0   0001uueng0980802</marc:controlfield>
          <marc:datafield ind1="1" ind2=" " tag="852">
            <marc:subfield code="b">uhrefnc</marc:subfield>
            <marc:subfield code="k">Ref</marc:subfield>
            <marc:subfield code="h">353</marc:subfield>
            <marc:subfield code="i">U58U</marc:subfield>
            <marc:subfield code="t">1</marc:subfield>
          </marc:datafield>
          <marc:datafield ind1="3" ind2="1" tag="866">
            <marc:subfield code="8">0</marc:subfield>
            <marc:subfield code="a">2004/2005-2007/2008</marc:subfield>
            <marc:subfield code="x">Holding suppressed; item withdrawn; OCLC deleted (IS#); PO attached</marc:subfield>
          </marc:datafield>
        </marc:record>
      </metadata>
    </record>
    <record>
      <header>
        <identifier>oai:mst.rochester.edu:MetadataServicesToolkit/marcnormalization/420</identifier>
        <datestamp>2012-01-09T19:09:09Z</datestamp>
        <setSpec>MARCXMLholding</setSpec>
      </header>
      <metadata>
        <marc:record xmlns:marc="http://www.loc.gov/MARC21/slim" xmlns:xsi="http://www.w3.org/2001/XMLSchema-instance" xsi:schemaLocation="http://www.loc.gov/MARC21/slim http://localhost:8080/OAIToolkit/schema/MARC21slim_custom.xsd">
          <marc:leader>00267cy  a22001215  4500</marc:leader>
          <marc:controlfield tag="001">151822</marc:controlfield>
          <marc:controlfield tag="003">ISUdb</marc:controlfield>
          <marc:controlfield tag="004">24986</marc:controlfield>
          <marc:controlfield tag="005">20100309163227.0</marc:controlfield>
          <marc:controlfield tag="007">ta</marc:controlfield>
          <marc:controlfield tag="008">9808020u    0   0001uueng0980802</marc:controlfield>
          <marc:datafield ind1="0" ind2=" " tag="852">
            <marc:subfield code="b">2refnc</marc:subfield>
            <marc:subfield code="h">JK421</marc:subfield>
            <marc:subfield code="i">.A3</marc:subfield>
            <marc:subfield code="t">1</marc:subfield>
            <marc:subfield code="z">Latest edition only retained</marc:subfield>
          </marc:datafield>
          <marc:datafield ind1="3" ind2="1" tag="866">
            <marc:subfield code="8">0</marc:subfield>
            <marc:subfield code="a">2009/2010</marc:subfield>
          </marc:datafield>
        </marc:record>
      </metadata>
    </record>
    <record>
      <header>
        <identifier>oai:mst.rochester.edu:MetadataServicesToolkit/marcnormalization/421</identifier>
        <datestamp>2012-01-09T19:09:09Z</datestamp>
        <setSpec>MARCXMLholding</setSpec>
      </header>
      <metadata>
        <marc:record xmlns:marc="http://www.loc.gov/MARC21/slim" xmlns:xsi="http://www.w3.org/2001/XMLSchema-instance" xsi:schemaLocation="http://www.loc.gov/MARC21/slim http://localhost:8080/OAIToolkit/schema/MARC21slim_custom.xsd">
          <marc:leader>00282cy  a22001214  4500</marc:leader>
          <marc:controlfield tag="001">1117122</marc:controlfield>
          <marc:controlfield tag="003">ISUdb</marc:controlfield>
          <marc:controlfield tag="004">24986</marc:controlfield>
          <marc:controlfield tag="005">20100211145804.0</marc:controlfield>
          <marc:controlfield tag="007">ta</marc:controlfield>
          <marc:controlfield tag="008">0303244u    8   1001ba   0901128</marc:controlfield>
          <marc:datafield ind1="3" ind2=" " tag="852">
            <marc:subfield code="b">docshelfnc</marc:subfield>
            <marc:subfield code="h">AE 2.108/2:</marc:subfield>
            <marc:subfield code="z">Latest edition at Floor 2 desk</marc:subfield>
          </marc:datafield>
          <marc:datafield ind1="3" ind2="1" tag="866">
            <marc:subfield code="8">0</marc:subfield>
            <marc:subfield code="a">1985/1986-2008/2009</marc:subfield>
          </marc:datafield>
        </marc:record>
      </metadata>
    </record>
    <record>
      <header>
        <identifier>oai:mst.rochester.edu:MetadataServicesToolkit/marcnormalization/422</identifier>
        <datestamp>2012-01-09T19:09:09Z</datestamp>
        <setSpec>MARCXMLholding</setSpec>
      </header>
      <metadata>
        <marc:record xmlns:marc="http://www.loc.gov/MARC21/slim" xmlns:xsi="http://www.w3.org/2001/XMLSchema-instance" xsi:schemaLocation="http://www.loc.gov/MARC21/slim http://localhost:8080/OAIToolkit/schema/MARC21slim_custom.xsd">
          <marc:leader>00308cx  a22001214  4500</marc:leader>
          <marc:controlfield tag="001">1219068</marc:controlfield>
          <marc:controlfield tag="003">ISUdb</marc:controlfield>
          <marc:controlfield tag="004">24986</marc:controlfield>
          <marc:controlfield tag="005">20091109154359.0</marc:controlfield>
          <marc:controlfield tag="007">cr || ---|||||</marc:controlfield>
          <marc:controlfield tag="008">0411054u    8   1001uu   0901128</marc:controlfield>
          <marc:datafield ind1="3" ind2=" " tag="852">
            <marc:subfield code="b">e-resource</marc:subfield>
            <marc:subfield code="h">AE 2.108/2:</marc:subfield>
          </marc:datafield>
          <marc:datafield ind1="4" ind2="1" tag="856">
            <marc:subfield code="u">http://purl.access.gpo.gov/GPO/LPS2410</marc:subfield>
            <marc:subfield code="z">Click here for online access</marc:subfield>
          </marc:datafield>
        </marc:record>
      </metadata>
    </record>
    <record>
      <header>
        <identifier>oai:mst.rochester.edu:MetadataServicesToolkit/marcnormalization/423</identifier>
        <datestamp>2012-01-09T19:09:09Z</datestamp>
        <setSpec>MARCXMLholding</setSpec>
      </header>
      <metadata>
        <marc:record xmlns:marc="http://www.loc.gov/MARC21/slim" xmlns:xsi="http://www.w3.org/2001/XMLSchema-instance" xsi:schemaLocation="http://www.loc.gov/MARC21/slim http://localhost:8080/OAIToolkit/schema/MARC21slim_custom.xsd">
          <marc:leader>00237cy  a22001214  4500</marc:leader>
          <marc:controlfield tag="001">1354381</marc:controlfield>
          <marc:controlfield tag="003">ISUdb</marc:controlfield>
          <marc:controlfield tag="004">24986</marc:controlfield>
          <marc:controlfield tag="005">20100211145544.0</marc:controlfield>
          <marc:controlfield tag="007">ta</marc:controlfield>
          <marc:controlfield tag="008">0805024u    8   1001ba   0901128</marc:controlfield>
          <marc:datafield ind1="3" ind2=" " tag="852">
            <marc:subfield code="b">2desknc</marc:subfield>
            <marc:subfield code="h">AE 2.108/2:</marc:subfield>
          </marc:datafield>
          <marc:datafield ind1="3" ind2="1" tag="866">
            <marc:subfield code="8">0</marc:subfield>
            <marc:subfield code="a">2009/2010</marc:subfield>
          </marc:datafield>
        </marc:record>
      </metadata>
    </record>