
    <record>
      <header>
        <identifier>oai:mst.rochester.edu:MetadataServicesToolkit/marcnormalization/452</identifier>
        <datestamp>2012-01-09T19:09:09Z</datestamp>
        <setSpec>MARCXMLbibliographic</setSpec>
      </header>
      <metadata>
        <marc:record xmlns:marc="http://www.loc.gov/MARC21/slim" xmlns:xsi="http://www.w3.org/2001/XMLSchema-instance" xsi:schemaLocation="http://www.loc.gov/MARC21/slim http://localhost:8080/OAIToolkit/schema/MARC21slim_custom.xsd">
          <marc:leader>04173cam a2200517 a 4500</marc:leader>
          <marc:controlfield tag="001">549601</marc:controlfield>
          <marc:controlfield tag="003">NEIdb</marc:controlfield>
          <marc:controlfield tag="005">20090825155718.0</marc:controlfield>
          <marc:controlfield tag="008">081114s2009    nyua     b    001 0 eng  </marc:controlfield>
          <marc:datafield ind1=" " ind2=" " tag="010">
            <marc:subfield code="a">  2008047484</marc:subfield>
          </marc:datafield>
          <marc:datafield ind1=" " ind2=" " tag="020">
            <marc:subfield code="a">9781603290241 (pbk. : alk. paper)</marc:subfield>
          </marc:datafield>
          <marc:datafield ind1=" " ind2=" " tag="020">
            <marc:subfield code="a">1603290249 (pbk. : alk. paper)</marc:subfield>
          </marc:datafield>
          <marc:datafield ind1=" " ind2=" " tag="020">
            <marc:subfield code="a">9781603290258 (large print : pbk. : alk. paper)</marc:subfield>
          </marc:datafield>
          <marc:datafield ind1=" " ind2=" " tag="020">
            <marc:subfield code="a">1603290257 (large print : pbk. : alk. paper)</marc:subfield>
          </marc:datafield>
          <marc:datafield ind1="1" ind2=" " tag="029">
            <marc:subfield code="a">CDX</marc:subfield>
            <marc:subfield code="b">9189181</marc:subfield>
          </marc:datafield>
          <marc:datafield ind1="1" ind2=" " tag="029">
            <marc:subfield code="a">IG#</marc:subfield>
            <marc:subfield code="b">9781603290241</marc:subfield>
          </marc:datafield>
          <marc:datafield ind1="1" ind2=" " tag="029">
            <marc:subfield code="a">AU@</marc:subfield>
            <marc:subfield code="b">000043629698</marc:subfield>
          </marc:datafield>
          <marc:datafield ind1="1" ind2=" " tag="029">
            <marc:subfield code="a">NLGGC</marc:subfield>
            <marc:subfield code="b">317886487</marc:subfield>
          </marc:datafield>
          <marc:datafield ind1="1" ind2=" " tag="029">
            <marc:subfield code="a">NZ1</marc:subfield>
            <marc:subfield code="b">12875417</marc:subfield>
          </marc:datafield>
          <marc:datafield ind1=" " ind2=" " tag="035">
            <marc:subfield code="a">(OCoLC)276228865</marc:subfield>
          </marc:datafield>
          <marc:datafield ind1=" " ind2=" " tag="040">
            <marc:subfield code="a">DLC</marc:subfield>
            <marc:subfield code="c">DLC</marc:subfield>
            <marc:subfield code="d">BTCTA</marc:subfield>
            <marc:subfield code="d">YDXCP</marc:subfield>
            <marc:subfield code="d">C#P</marc:subfield>
            <marc:subfield code="d">CDX</marc:subfield>
            <marc:subfield code="d">PBR</marc:subfield>
            <marc:subfield code="d">IG#</marc:subfield>
            <marc:subfield code="d">NNG</marc:subfield>
            <marc:subfield code="d">LMR</marc:subfield>
            <marc:subfield code="d">GK5</marc:subfield>
            <marc:subfield code="d">CRH</marc:subfield>
            <marc:subfield code="d">NLGGC</marc:subfield>
            <marc:subfield code="d">OKJ</marc:subfield>
          </marc:datafield>
          <marc:datafield ind1=" " ind2=" " tag="049">
            <marc:subfield code="a">IAOA</marc:subfield>
          </marc:datafield>
          <marc:datafield ind1="0" ind2="0" tag="050">
            <marc:subfield code="a">LB2369</marc:subfield>
            <marc:subfield code="b">.G53 2009</marc:subfield>
          </marc:datafield>
          <marc:datafield ind1="0" ind2="0" tag="082">
            <marc:subfield code="a">808/.027</marc:subfield>
            <marc:subfield code="2">22</marc:subfield>
          </marc:datafield>
          <marc:datafield ind1=" " ind2=" " tag="084">
            <marc:subfield code="a">02.13</marc:subfield>
            <marc:subfield code="2">bcl</marc:subfield>
          </marc:datafield>
          <marc:datafield ind1="0" ind2="0" tag="245">
            <marc:subfield code="a">MLA handbook for writers of research papers.</marc:subfield>
          </marc:datafield>
          <marc:datafield ind1="3" ind2="0" tag="246">
            <marc:subfield code="a">Handbook for writers of research papers</marc:subfield>
          </marc:datafield>
          <marc:datafield ind1=" " ind2=" " tag="250">
            <marc:subfield code="a">7th ed.</marc:subfield>
          </marc:datafield>
          <marc:datafield ind1=" " ind2=" " tag="260">
            <marc:subfield code="a">New York :</marc:subfield>
            <marc:subfield code="b">Modern Language Association of America,</marc:subfield>
            <marc:subfield code="c">2009.</marc:subfield>
          </marc:datafield>
          <marc:datafield ind1=" " ind2=" " tag="300">
            <marc:subfield code="a">xxi, 292 p. :</marc:subfield>
            <marc:subfield code="b">ill. ;</marc:subfield>
            <marc:subfield code="c">23 cm.</marc:subfield>
          </marc:datafield>
          <marc:datafield ind1=" " ind2=" " tag="500">
            <marc:subfield code="a">Prev. ed. entered under: Gibaldi, Joseph, 1942-</marc:subfield>
          </marc:datafield>
          <marc:datafield ind1=" " ind2=" " tag="504">
            <marc:subfield code="a">Includes bibliographical references (p. 258-260) and index.</marc:subfield>
          </marc:datafield>
          <marc:datafield ind1="2" ind2=" " tag="505">
            <marc:subfield code="a">Foreword / Rosemary G. Feal -- Preface / David B. Nicholls -- Note on the Web component -- 1. Research and writing -- 1.1. The research paper as a form of exploration -- 1.2. The research paper as a from of communication -- 1.3. Selecting a topic -- 1.4. Conducting research -- 1.5. Compiling a working bibliography -- 1.6. Evaluating sources -- 1.7. Taking notes -- 1.8. Outlining -- 1.9. Writing drafts -- 1.10. Language and style -- 2. Plagiarism and academic integrity -- 2.1. Definition of plagiarism -- 2.2. Consequence of plagiarism -- 2.3. Information sharing today -- 2.4. Unintentional plagiarism -- 2.5. Forms of plagiarism -- 2.6. When documentation is not needed -- 2.7. Related issues -- 2.8. Summing up -- 3. The mechanics of writing -- 3.1. Spelling -- 3.2. Punctuation -- 3.3. Italics -- 3.4. Names of persons -- 3.5. Numbers -- 3.6. Titles of works in the research paper -- 3.7. Quotations -- 3.8. Capitalization and personal names in languages -- 4. The format of the research paper -- 4.1. Margins -- 4.2. Text formatting -- 4.3. Heading and title -- 4.4. Page numbers -- 4.5. Tables and illustrations -- 4.6. Paper and printing -- 4.7. Corrections and insertions -- 4.8. Binding -- 4.9. Electronic submission -- 5. Documentation : preparing the list of works cited -- 5.1. Documenting sources -- 5.2. MLA style -- 5.3. The list of works cited -- 5.4. Citing periodical print publications -- 5.5. Citing nonperiodical print publications -- 5.6. Citing Web publications -- 5.7. Citing additional common sources -- 5.8. A work in more than one publication medium -- 6. Documentation : citing sources in the text -- 6.1. Parenthetical documentation and the list of works cited -- 6.2. Information required in parenthetical documentation -- 6.3. Readability -- 6.4. Sample references -- 6.5. Using notes with parenthetical documentation -- 7. Abbreviations -- 7.1. Introduction -- 7.2. Time designations -- 7.3. Geographic names -- 7.4. Common scholarly abbreviations and reference words -- 7.5. Publishers' names -- 7.6. Symbols and abbreviations used in proofreading and correction -- 7.7. Titles of works -- Appendix A. Guides to writing -- A.1. Introduction -- A.2. Dictionaries of usage -- A.3. Guides to nondiscriminatory language -- A.4. Books on style -- Appendix B. Specialized style manuals -- Index.</marc:subfield>
          </marc:datafield>
          <marc:datafield ind1=" " ind2="0" tag="650">
            <marc:subfield code="a">Report writing</marc:subfield>
            <marc:subfield code="v">Handbooks, manuals, etc.</marc:subfield>
          </marc:datafield>
          <marc:datafield ind1=" " ind2="0" tag="650">
            <marc:subfield code="a">Research</marc:subfield>
            <marc:subfield code="v">Handbooks, manuals, etc.</marc:subfield>
          </marc:datafield>
          <marc:datafield ind1="1" ind2="7" tag="650">
            <marc:subfield code="a">Wetenschappelijke teksten.</marc:subfield>
            <marc:subfield code="2">gtt</marc:subfield>
          </marc:datafield>
          <marc:datafield ind1="1" ind2="7" tag="650">
            <marc:subfield code="a">Schrijven.</marc:subfield>
            <marc:subfield code="2">gtt</marc:subfield>
          </marc:datafield>
          <marc:datafield ind1="1" ind2="7" tag="650">
            <marc:subfield code="a">Stijlen.</marc:subfield>
            <marc:subfield code="2">gtt</marc:subfield>
          </marc:datafield>
          <marc:datafield ind1="1" ind2="7" tag="650">
            <marc:subfield code="a">Schrijfvaardigheid.</marc:subfield>
            <marc:subfield code="2">gtt</marc:subfield>
          </marc:datafield>
          <marc:datafield ind1="1" ind2=" " tag="700">
            <marc:subfield code="a">Gibaldi, Joseph,</marc:subfield>
            <marc:subfield code="d">1942-</marc:subfield>
            <marc:subfield code="t">MLA handbook for writers of research papers.</marc:subfield>
          </marc:datafield>
          <marc:datafield ind1="2" ind2=" " tag="710">
            <marc:subfield code="a">Modern Language Association of America.</marc:subfield>
          </marc:datafield>
          <marc:datafield ind1=" " ind2=" " tag="938">
            <marc:subfield code="a">Baker and Taylor</marc:subfield>
            <marc:subfield code="b">BTCP</marc:subfield>
            <marc:subfield code="n">BK0008101003</marc:subfield>
          </marc:datafield>
          <marc:datafield ind1=" " ind2=" " tag="938">
            <marc:subfield code="a">Coutts Information Services</marc:subfield>
            <marc:subfield code="b">COUT</marc:subfield>
            <marc:subfield code="n">9189181</marc:subfield>
          </marc:datafield>
          <marc:datafield ind1=" " ind2=" " tag="938">
            <marc:subfield code="a">YBP Library Services</marc:subfield>
            <marc:subfield code="b">YANK</marc:subfield>
            <marc:subfield code="n">2937882</marc:subfield>
          </marc:datafield>
          <marc:datafield ind1=" " ind2=" " tag="938">
            <marc:subfield code="a">Ingram</marc:subfield>
            <marc:subfield code="b">INGR</marc:subfield>
            <marc:subfield code="n">9781603290241</marc:subfield>
          </marc:datafield>
          <marc:datafield ind1=" " ind2=" " tag="994">
            <marc:subfield code="a">C0</marc:subfield>
            <marc:subfield code="b">IAO</marc:subfield>
          </marc:datafield>
          <marc:datafield tag="931" ind1=" " ind2=" ">
            <marc:subfield code="a">Text</marc:subfield>
            <marc:subfield code="5">UIUdb</marc:subfield>
          </marc:datafield>
          <marc:datafield tag="932" ind1=" " ind2=" ">
            <marc:subfield code="a">Language material</marc:subfield>
            <marc:subfield code="5">UIUdb</marc:subfield>
          </marc:datafield>
          <marc:datafield tag="933" ind1=" " ind2=" ">
            <marc:subfield code="a">Text</marc:subfield>
            <marc:subfield code="5">UIUdb</marc:subfield>
          </marc:datafield>
          <marc:datafield tag="935" ind1=" " ind2=" ">
            <marc:subfield code="a">Monograph/Item</marc:subfield>
            <marc:subfield code="5">UIUdb</marc:subfield>
          </marc:datafield>
          <marc:datafield tag="937" ind1=" " ind2=" ">
            <marc:subfield code="a">Non-Fiction</marc:subfield>
            <marc:subfield code="5">UIUdb</marc:subfield>
          </marc:datafield>
          <marc:datafield tag="941" ind1=" " ind2=" ">
            <marc:subfield code="a">eng</marc:subfield>
            <marc:subfield code="5">UIUdb</marc:subfield>
          </marc:datafield>
          <marc:datafield tag="943" ind1=" " ind2=" ">
            <marc:subfield code="a">English</marc:subfield>
            <marc:subfield code="5">UIUdb</marc:subfield>
          </marc:datafield>
          <marc:datafield tag="947" ind1=" " ind2=" ">
            <marc:subfield code="a">9781603290241 </marc:subfield>
            <marc:subfield code="5">UIUdb</marc:subfield>
          </marc:datafield>
          <marc:datafield tag="947" ind1=" " ind2=" ">
            <marc:subfield code="a">1603290249 </marc:subfield>
            <marc:subfield code="5">UIUdb</marc:subfield>
          </marc:datafield>
          <marc:datafield tag="947" ind1=" " ind2=" ">
            <marc:subfield code="a">9781603290258 </marc:subfield>
            <marc:subfield code="5">UIUdb</marc:subfield>
          </marc:datafield>
          <marc:datafield tag="947" ind1=" " ind2=" ">
            <marc:subfield code="a">1603290257 </marc:subfield>
            <marc:subfield code="5">UIUdb</marc:subfield>
          </marc:datafield>
          <marc:datafield tag="130" ind1="0" ind2=" ">
            <marc:subfield code="a">MLA handbook for writers of research papers.</marc:subfield>
          </marc:datafield>
          <marc:datafield tag="965" ind1=" " ind2="0">
            <marc:subfield code="a">Report writing</marc:subfield>
            <marc:subfield code="5">UIUdb</marc:subfield>
          </marc:datafield>
          <marc:datafield tag="965" ind1=" " ind2="0">
            <marc:subfield code="a">Research</marc:subfield>
            <marc:subfield code="5">UIUdb</marc:subfield>
          </marc:datafield>
          <marc:datafield tag="969" ind1=" " ind2="0">
            <marc:subfield code="v">Handbooks, manuals, etc.</marc:subfield>
            <marc:subfield code="5">UIUdb</marc:subfield>
          </marc:datafield>
        </marc:record>
      </metadata>
    </record>
    <record>
      <header>
        <identifier>oai:mst.rochester.edu:MetadataServicesToolkit/marcnormalization/453</identifier>
        <datestamp>2012-01-09T19:09:09Z</datestamp>
        <setSpec>MARCXMLholding</setSpec>
      </header>
      <metadata>
        <marc:record xmlns:marc="http://www.loc.gov/MARC21/slim" xmlns:xsi="http://www.w3.org/2001/XMLSchema-instance" xsi:schemaLocation="http://www.loc.gov/MARC21/slim http://localhost:8080/OAIToolkit/schema/MARC21slim_custom.xsd">
          <marc:leader>00205cx  a22000974  4500</marc:leader>
          <marc:controlfield tag="001">577659</marc:controlfield>
          <marc:controlfield tag="003">NEIdb</marc:controlfield>
          <marc:controlfield tag="004">549601</marc:controlfield>
          <marc:controlfield tag="005">20090825160335.0</marc:controlfield>
          <marc:controlfield tag="008">0908030p    8   1001uu   0000000</marc:controlfield>
          <marc:datafield ind1="0" ind2=" " tag="852">
            <marc:subfield code="b">refdesk</marc:subfield>
            <marc:subfield code="k">REF.</marc:subfield>
            <marc:subfield code="h">LB2369</marc:subfield>
            <marc:subfield code="i">.G53 2009</marc:subfield>
          </marc:datafield>
        </marc:record>
      </metadata>
    </record>
    <record>
      <header>
        <identifier>oai:mst.rochester.edu:MetadataServicesToolkit/marcnormalization/454</identifier>
        <datestamp>2012-01-09T19:09:09Z</datestamp>
        <setSpec>MARCXMLholding</setSpec>
      </header>
      <metadata>
        <marc:record xmlns:marc="http://www.loc.gov/MARC21/slim" xmlns:xsi="http://www.w3.org/2001/XMLSchema-instance" xsi:schemaLocation="http://www.loc.gov/MARC21/slim http://localhost:8080/OAIToolkit/schema/MARC21slim_custom.xsd">
          <marc:leader>00208nx  a22000974  4500</marc:leader>
          <marc:controlfield tag="001">579207</marc:controlfield>
          <marc:controlfield tag="003">NEIdb</marc:controlfield>
          <marc:controlfield tag="004">549601</marc:controlfield>
          <marc:controlfield tag="005">20090825161745.0</marc:controlfield>
          <marc:controlfield tag="008">0908254u    8   1001uu   0901128</marc:controlfield>
          <marc:datafield ind1="0" ind2=" " tag="852">
            <marc:subfield code="b">refdesk</marc:subfield>
            <marc:subfield code="k">REF.</marc:subfield>
            <marc:subfield code="h">LB2369</marc:subfield>
            <marc:subfield code="i">.G53 2009</marc:subfield>
            <marc:subfield code="t">2</marc:subfield>
          </marc:datafield>
        </marc:record>
      </metadata>
    </record>
    <record>
      <header>
        <identifier>oai:mst.rochester.edu:MetadataServicesToolkit/marcnormalization/455</identifier>
        <datestamp>2012-01-09T19:09:09Z</datestamp>
        <setSpec>MARCXMLholding</setSpec>
      </header>
      <metadata>
        <marc:record xmlns:marc="http://www.loc.gov/MARC21/slim" xmlns:xsi="http://www.w3.org/2001/XMLSchema-instance" xsi:schemaLocation="http://www.loc.gov/MARC21/slim http://localhost:8080/OAIToolkit/schema/MARC21slim_custom.xsd">
          <marc:leader>00208nx  a22000974  4500</marc:leader>
          <marc:controlfield tag="001">579208</marc:controlfield>
          <marc:controlfield tag="003">NEIdb</marc:controlfield>
          <marc:controlfield tag="004">549601</marc:controlfield>
          <marc:controlfield tag="005">20090825161903.0</marc:controlfield>
          <marc:controlfield tag="008">0908254u    8   1001uu   0901128</marc:controlfield>
          <marc:datafield ind1="0" ind2=" " tag="852">
            <marc:subfield code="b">refdesk</marc:subfield>
            <marc:subfield code="k">REF.</marc:subfield>
            <marc:subfield code="h">LB2369</marc:subfield>
            <marc:subfield code="i">.G53 2009</marc:subfield>
            <marc:subfield code="t">3</marc:subfield>
          </marc:datafield>
        </marc:record>
      </metadata>
    </record>