
    <record>
      <header>
        <identifier>oai:mst.rochester.edu:MetadataServicesToolkit/marcnormalization/456</identifier>
        <datestamp>2012-01-09T19:09:09Z</datestamp>
        <setSpec>MARCXMLbibliographic</setSpec>
      </header>
      <metadata>
        <marc:record xmlns:marc="http://www.loc.gov/MARC21/slim" xmlns:xsi="http://www.w3.org/2001/XMLSchema-instance" xsi:schemaLocation="http://www.loc.gov/MARC21/slim http://localhost:8080/OAIToolkit/schema/MARC21slim_custom.xsd">
          <marc:leader>02540cas a2200481 a 4500</marc:leader>
          <marc:controlfield tag="001">14808</marc:controlfield>
          <marc:controlfield tag="003">NEIdb</marc:controlfield>
          <marc:controlfield tag="005">20020402155758.0</marc:controlfield>
          <marc:controlfield tag="008">740108c19749999dcuar1   f   f0   a0eng  </marc:controlfield>
          <marc:datafield ind1=" " ind2=" " tag="010">
            <marc:subfield code="a">   73646537 //r86 </marc:subfield>
            <marc:subfield code="z">  73064653</marc:subfield>
          </marc:datafield>
          <marc:datafield ind1=" " ind2=" " tag="022">
            <marc:subfield code="a">0092-1904</marc:subfield>
          </marc:datafield>
          <marc:datafield ind1=" " ind2=" " tag="035">
            <marc:subfield code="a">(OCoLC)1788884</marc:subfield>
          </marc:datafield>
          <marc:datafield ind1=" " ind2=" " tag="035">
            <marc:subfield code="9">AAM-5683</marc:subfield>
          </marc:datafield>
          <marc:datafield ind1=" " ind2=" " tag="040">
            <marc:subfield code="d">OCL</marc:subfield>
            <marc:subfield code="d">DLC</marc:subfield>
            <marc:subfield code="d">GPO</marc:subfield>
            <marc:subfield code="d">DLC</marc:subfield>
            <marc:subfield code="d">NST</marc:subfield>
            <marc:subfield code="d">DLC</marc:subfield>
            <marc:subfield code="d">NST</marc:subfield>
            <marc:subfield code="d">RCS</marc:subfield>
            <marc:subfield code="d">OCL</marc:subfield>
            <marc:subfield code="d">NST</marc:subfield>
            <marc:subfield code="d">HUL</marc:subfield>
            <marc:subfield code="d">NST</marc:subfield>
            <marc:subfield code="d">NSD</marc:subfield>
            <marc:subfield code="d">NST</marc:subfield>
            <marc:subfield code="d">GPO</marc:subfield>
            <marc:subfield code="d">HUL</marc:subfield>
            <marc:subfield code="d">OCL</marc:subfield>
            <marc:subfield code="d">FUG</marc:subfield>
            <marc:subfield code="d">NST</marc:subfield>
            <marc:subfield code="d">GPO</marc:subfield>
            <marc:subfield code="d">DLC</marc:subfield>
            <marc:subfield code="d">OCL</marc:subfield>
            <marc:subfield code="d">HUL</marc:subfield>
            <marc:subfield code="d">NSD</marc:subfield>
            <marc:subfield code="d">OCL</marc:subfield>
            <marc:subfield code="d">GPO</marc:subfield>
            <marc:subfield code="d">NST</marc:subfield>
            <marc:subfield code="d">GPO</marc:subfield>
            <marc:subfield code="d">NST</marc:subfield>
            <marc:subfield code="d">AGL</marc:subfield>
            <marc:subfield code="d">NST</marc:subfield>
            <marc:subfield code="d">OCL</marc:subfield>
            <marc:subfield code="d">NST</marc:subfield>
            <marc:subfield code="d">GPO</marc:subfield>
            <marc:subfield code="d">DLC</marc:subfield>
            <marc:subfield code="d">GPO</marc:subfield>
            <marc:subfield code="d">IUL</marc:subfield>
            <marc:subfield code="d">GPO</marc:subfield>
            <marc:subfield code="d">IUL</marc:subfield>
            <marc:subfield code="d">GPO</marc:subfield>
            <marc:subfield code="d">DLC</marc:subfield>
            <marc:subfield code="d">MvI</marc:subfield>
          </marc:datafield>
          <marc:datafield ind1=" " ind2=" " tag="042">
            <marc:subfield code="a">lc</marc:subfield>
            <marc:subfield code="a">nsdp</marc:subfield>
          </marc:datafield>
          <marc:datafield ind1=" " ind2=" " tag="043">
            <marc:subfield code="a">n-us---</marc:subfield>
          </marc:datafield>
          <marc:datafield ind1=" " ind2=" " tag="049">
            <marc:subfield code="a">SPIC</marc:subfield>
          </marc:datafield>
          <marc:datafield ind1="0" ind2="0" tag="050">
            <marc:subfield code="a">JK421</marc:subfield>
            <marc:subfield code="b">.A3</marc:subfield>
          </marc:datafield>
          <marc:datafield ind1="0" ind2=" " tag="060">
            <marc:subfield code="a">JK 421 U57</marc:subfield>
          </marc:datafield>
          <marc:datafield ind1="0" ind2=" " tag="070">
            <marc:subfield code="a">173.2</marc:subfield>
            <marc:subfield code="b">N212U</marc:subfield>
          </marc:datafield>
          <marc:datafield ind1=" " ind2="0" tag="072">
            <marc:subfield code="a">X800</marc:subfield>
          </marc:datafield>
          <marc:datafield ind1=" " ind2=" " tag="074">
            <marc:subfield code="a">0577</marc:subfield>
          </marc:datafield>
          <marc:datafield ind1=" " ind2=" " tag="074">
            <marc:subfield code="a">0577 (online)</marc:subfield>
          </marc:datafield>
          <marc:datafield ind1=" " ind2=" " tag="082">
            <marc:subfield code="a">353</marc:subfield>
          </marc:datafield>
          <marc:datafield ind1="0" ind2=" " tag="086">
            <marc:subfield code="a">AE 2.108/2:</marc:subfield>
          </marc:datafield>
          <marc:datafield ind1="0" ind2=" " tag="130">
            <marc:subfield code="a">United States government manual (Washington, D.C. : 1973)</marc:subfield>
          </marc:datafield>
          <marc:datafield ind1="0" ind2=" " tag="210">
            <marc:subfield code="a">U. S. gov. man.</marc:subfield>
            <marc:subfield code="b">(1974)</marc:subfield>
          </marc:datafield>
          <marc:datafield ind1=" " ind2="0" tag="222">
            <marc:subfield code="a">United States government manual</marc:subfield>
            <marc:subfield code="b">(1974)</marc:subfield>
          </marc:datafield>
          <marc:datafield ind1="0" ind2="4" tag="245">
            <marc:subfield code="a">The United States government manual.</marc:subfield>
          </marc:datafield>
          <marc:datafield ind1=" " ind2=" " tag="260">
            <marc:subfield code="a">Washington, D.C. :</marc:subfield>
            <marc:subfield code="b">Office of the Federal Register, National Archives and Records Service, General Services Administration :</marc:subfield>
            <marc:subfield code="b">For sale by the Supt. of Docs., U.S. G.P.O.,</marc:subfield>
            <marc:subfield code="c">[1973-</marc:subfield>
          </marc:datafield>
          <marc:datafield ind1=" " ind2=" " tag="300">
            <marc:subfield code="a">v. :</marc:subfield>
            <marc:subfield code="b">ill. ;</marc:subfield>
            <marc:subfield code="c">24 cm.</marc:subfield>
          </marc:datafield>
          <marc:datafield ind1=" " ind2=" " tag="310">
            <marc:subfield code="a">Annual</marc:subfield>
          </marc:datafield>
          <marc:datafield ind1="0" ind2=" " tag="362">
            <marc:subfield code="a">1973/74-</marc:subfield>
          </marc:datafield>
          <marc:datafield ind1=" " ind2=" " tag="500">
            <marc:subfield code="a">Published as a special edition of the Federal register.</marc:subfield>
          </marc:datafield>
          <marc:datafield ind1=" " ind2=" " tag="530">
            <marc:subfield code="a">Some issues also available from GPO Access via Internet at the GPO web site (choice of text (full or summary) and PDF). Address as of 3/1/99: http://www.access.gpo.gov/nara/nara001.html ; current access is available via PURL.</marc:subfield>
          </marc:datafield>
          <marc:datafield ind1=" " ind2=" " tag="550">
            <marc:subfield code="a">Vols. for 1985/86-   published by the Office of the Federal Register, National Archives and Records Administration.</marc:subfield>
          </marc:datafield>
          <marc:datafield ind1=" " ind2="0" tag="650">
            <marc:subfield code="a">Executive departments</marc:subfield>
            <marc:subfield code="z">United States</marc:subfield>
            <marc:subfield code="v">Handbooks, manuals, etc.</marc:subfield>
          </marc:datafield>
          <marc:datafield ind1=" " ind2="0" tag="651">
            <marc:subfield code="a">United States</marc:subfield>
            <marc:subfield code="x">Politics and government</marc:subfield>
            <marc:subfield code="v">Handbooks, manuals, etc.</marc:subfield>
          </marc:datafield>
          <marc:datafield ind1="1" ind2=" " tag="710">
            <marc:subfield code="a">United States.</marc:subfield>
            <marc:subfield code="b">Office of the Federal Register.</marc:subfield>
          </marc:datafield>
          <marc:datafield ind1="1" ind2=" " tag="776">
            <marc:subfield code="t">U.S. government manual</marc:subfield>
            <marc:subfield code="w">(OCoLC)32074832</marc:subfield>
          </marc:datafield>
          <marc:datafield ind1="0" ind2="0" tag="780">
            <marc:subfield code="t">United States government organization manual</marc:subfield>
            <marc:subfield code="x">0083-1174</marc:subfield>
            <marc:subfield code="w">(DLC)   35026025</marc:subfield>
            <marc:subfield code="w">(OCoLC)8508797</marc:subfield>
          </marc:datafield>
          <marc:datafield ind1=" " ind2=" " tag="850">
            <marc:subfield code="a">AAP</marc:subfield>
            <marc:subfield code="a">AU</marc:subfield>
            <marc:subfield code="a">CSf</marc:subfield>
            <marc:subfield code="a">CSt</marc:subfield>
            <marc:subfield code="a">CU</marc:subfield>
            <marc:subfield code="a">CU-Riv</marc:subfield>
            <marc:subfield code="a">CU-S</marc:subfield>
            <marc:subfield code="a">CU-SB</marc:subfield>
            <marc:subfield code="a">CaNBFU</marc:subfield>
            <marc:subfield code="a">CtHT</marc:subfield>
            <marc:subfield code="a">CtY-L</marc:subfield>
            <marc:subfield code="a">DLC</marc:subfield>
            <marc:subfield code="a">DNAL</marc:subfield>
            <marc:subfield code="a">DeU</marc:subfield>
            <marc:subfield code="a">FU</marc:subfield>
            <marc:subfield code="a">IC</marc:subfield>
            <marc:subfield code="a">ICA</marc:subfield>
            <marc:subfield code="a">ICRL</marc:subfield>
            <marc:subfield code="a">IaU</marc:subfield>
            <marc:subfield code="a">InU</marc:subfield>
            <marc:subfield code="a">KMK</marc:subfield>
            <marc:subfield code="a">LU</marc:subfield>
            <marc:subfield code="a">MBCo</marc:subfield>
            <marc:subfield code="a">MH-BA</marc:subfield>
            <marc:subfield code="a">MH-CS</marc:subfield>
            <marc:subfield code="a">MH-Ed</marc:subfield>
            <marc:subfield code="a">MH-GM</marc:subfield>
            <marc:subfield code="a">MH-GS</marc:subfield>
            <marc:subfield code="a">MH-Hi</marc:subfield>
            <marc:subfield code="a">MH-KG</marc:subfield>
            <marc:subfield code="a">MH-L</marc:subfield>
            <marc:subfield code="a">MH-SD</marc:subfield>
            <marc:subfield code="a">MH-Z</marc:subfield>
            <marc:subfield code="a">MnU</marc:subfield>
            <marc:subfield code="a">MoSU</marc:subfield>
            <marc:subfield code="a">MtBC</marc:subfield>
            <marc:subfield code="a">N</marc:subfield>
            <marc:subfield code="a">NNC</marc:subfield>
            <marc:subfield code="a">NcD</marc:subfield>
            <marc:subfield code="a">NcD-L</marc:subfield>
            <marc:subfield code="a">NcU</marc:subfield>
            <marc:subfield code="a">NvU</marc:subfield>
            <marc:subfield code="a">OCU</marc:subfield>
            <marc:subfield code="a">OU</marc:subfield>
            <marc:subfield code="a">OrU</marc:subfield>
            <marc:subfield code="a">OrU-S</marc:subfield>
            <marc:subfield code="a">ViRCU-H</marc:subfield>
            <marc:subfield code="a">ViU</marc:subfield>
          </marc:datafield>
          <marc:datafield ind1="4" ind2="1" tag="856">
            <marc:subfield code="u">http://purl.access.gpo.gov/GPO/LPS2410</marc:subfield>
            <marc:subfield code="z">user may browse a specific issue or search for specific terms in one or more issues</marc:subfield>
          </marc:datafield>
          <marc:datafield tag="931" ind1=" " ind2=" ">
            <marc:subfield code="a">Text</marc:subfield>
            <marc:subfield code="5">UIUdb</marc:subfield>
          </marc:datafield>
          <marc:datafield tag="932" ind1=" " ind2=" ">
            <marc:subfield code="a">Language material</marc:subfield>
            <marc:subfield code="5">UIUdb</marc:subfield>
          </marc:datafield>
          <marc:datafield tag="933" ind1=" " ind2=" ">
            <marc:subfield code="a">Text</marc:subfield>
            <marc:subfield code="5">UIUdb</marc:subfield>
          </marc:datafield>
          <marc:datafield tag="935" ind1=" " ind2=" ">
            <marc:subfield code="a">Serial</marc:subfield>
            <marc:subfield code="5">UIUdb</marc:subfield>
          </marc:datafield>
          <marc:datafield tag="937" ind1=" " ind2=" ">
            <marc:subfield code="a">Non-Fiction</marc:subfield>
            <marc:subfield code="5">UIUdb</marc:subfield>
          </marc:datafield>
          <marc:datafield tag="939" ind1=" " ind2=" ">
            <marc:subfield code="a">1974-    </marc:subfield>
            <marc:subfield code="5">UIUdb</marc:subfield>
          </marc:datafield>
          <marc:datafield tag="941" ind1=" " ind2=" ">
            <marc:subfield code="a">eng</marc:subfield>
            <marc:subfield code="5">UIUdb</marc:subfield>
          </marc:datafield>
          <marc:datafield tag="943" ind1=" " ind2=" ">
            <marc:subfield code="a">English</marc:subfield>
            <marc:subfield code="5">UIUdb</marc:subfield>
          </marc:datafield>
          <marc:datafield tag="965" ind1=" " ind2="0">
            <marc:subfield code="a">Executive departments</marc:subfield>
            <marc:subfield code="5">UIUdb</marc:subfield>
          </marc:datafield>
          <marc:datafield tag="965" ind1=" " ind2="0">
            <marc:subfield code="x">Politics and government</marc:subfield>
            <marc:subfield code="5">UIUdb</marc:subfield>
          </marc:datafield>
          <marc:datafield tag="967" ind1=" " ind2="0">
            <marc:subfield code="a">United States</marc:subfield>
            <marc:subfield code="5">UIUdb</marc:subfield>
          </marc:datafield>
          <marc:datafield tag="969" ind1=" " ind2="0">
            <marc:subfield code="v">Handbooks, manuals, etc.</marc:subfield>
            <marc:subfield code="5">UIUdb</marc:subfield>
          </marc:datafield>
        </marc:record>
      </metadata>
    </record>
    <record>
      <header>
        <identifier>oai:mst.rochester.edu:MetadataServicesToolkit/marcnormalization/457</identifier>
        <datestamp>2012-01-09T19:09:09Z</datestamp>
        <setSpec>MARCXMLholding</setSpec>
      </header>
      <metadata>
        <marc:record xmlns:marc="http://www.loc.gov/MARC21/slim" xmlns:xsi="http://www.w3.org/2001/XMLSchema-instance" xsi:schemaLocation="http://www.loc.gov/MARC21/slim http://localhost:8080/OAIToolkit/schema/MARC21slim_custom.xsd">
          <marc:leader>01590cy  a22006015  4500</marc:leader>
          <marc:controlfield tag="001">16459</marc:controlfield>
          <marc:controlfield tag="003">NEIdb</marc:controlfield>
          <marc:controlfield tag="004">14808</marc:controlfield>
          <marc:controlfield tag="005">20100217091505.0</marc:controlfield>
          <marc:controlfield tag="007">ta</marc:controlfield>
          <marc:controlfield tag="008">9808054d    8   1001bueng0980805</marc:controlfield>
          <marc:datafield ind1="0" ind2=" " tag="014">
            <marc:subfield code="9">CXV-9627</marc:subfield>
          </marc:datafield>
          <marc:datafield ind1="0" ind2="1" tag="852">
            <marc:subfield code="b">govN</marc:subfield>
            <marc:subfield code="k">DOC.REF.</marc:subfield>
            <marc:subfield code="h">JK421A3</marc:subfield>
            <marc:subfield code="t">1</marc:subfield>
          </marc:datafield>
          <marc:datafield ind1="2" ind2="3" tag="853">
            <marc:subfield code="8">1</marc:subfield>
            <marc:subfield code="a">(yr/yr)</marc:subfield>
            <marc:subfield code="t">c.</marc:subfield>
          </marc:datafield>
          <marc:datafield ind1="2" ind2="3" tag="854">
            <marc:subfield code="8">2</marc:subfield>
            <marc:subfield code="a">(yr/yr)</marc:subfield>
            <marc:subfield code="b">no.</marc:subfield>
            <marc:subfield code="t">c.</marc:subfield>
          </marc:datafield>
          <marc:datafield ind1="4" ind2="0" tag="863">
            <marc:subfield code="8">1.4978</marc:subfield>
            <marc:subfield code="a">2009/2010</marc:subfield>
          </marc:datafield>
          <marc:datafield ind1="4" ind2="0" tag="863">
            <marc:subfield code="8">1.4980</marc:subfield>
            <marc:subfield code="a">2008/2009</marc:subfield>
          </marc:datafield>
          <marc:datafield ind1="4" ind2="0" tag="863">
            <marc:subfield code="8">1.4982</marc:subfield>
            <marc:subfield code="a">2007/2008</marc:subfield>
          </marc:datafield>
          <marc:datafield ind1="4" ind2="0" tag="863">
            <marc:subfield code="8">1.4984</marc:subfield>
            <marc:subfield code="a">2006/2007</marc:subfield>
          </marc:datafield>
          <marc:datafield ind1="4" ind2="0" tag="863">
            <marc:subfield code="8">1.4985</marc:subfield>
            <marc:subfield code="a">2005/2006</marc:subfield>
          </marc:datafield>
          <marc:datafield ind1="4" ind2="0" tag="863">
            <marc:subfield code="8">1.4986</marc:subfield>
            <marc:subfield code="a">2004/2005</marc:subfield>
          </marc:datafield>
          <marc:datafield ind1="4" ind2="0" tag="863">
            <marc:subfield code="8">1.4988</marc:subfield>
            <marc:subfield code="a">2003/2004</marc:subfield>
          </marc:datafield>
          <marc:datafield ind1="4" ind2="0" tag="863">
            <marc:subfield code="8">1.4989</marc:subfield>
            <marc:subfield code="a">2002/2003</marc:subfield>
          </marc:datafield>
          <marc:datafield ind1="4" ind2="0" tag="863">
            <marc:subfield code="8">1.4990</marc:subfield>
            <marc:subfield code="a">2001/2002</marc:subfield>
          </marc:datafield>
          <marc:datafield ind1="4" ind2="0" tag="863">
            <marc:subfield code="8">1.4992</marc:subfield>
            <marc:subfield code="a">2000/2001</marc:subfield>
          </marc:datafield>
          <marc:datafield ind1="4" ind2="0" tag="863">
            <marc:subfield code="8">1.4994</marc:subfield>
            <marc:subfield code="a">1999/2000</marc:subfield>
          </marc:datafield>
          <marc:datafield ind1="4" ind2="0" tag="863">
            <marc:subfield code="8">1.4996</marc:subfield>
            <marc:subfield code="a">1998/1999</marc:subfield>
          </marc:datafield>
          <marc:datafield ind1="4" ind2="0" tag="863">
            <marc:subfield code="8">1.4998</marc:subfield>
            <marc:subfield code="a">1997/1998</marc:subfield>
          </marc:datafield>
          <marc:datafield ind1="4" ind2="0" tag="863">
            <marc:subfield code="8">1.5000</marc:subfield>
            <marc:subfield code="a">1996/1997</marc:subfield>
          </marc:datafield>
          <marc:datafield ind1="4" ind2="0" tag="863">
            <marc:subfield code="8">1.5002</marc:subfield>
            <marc:subfield code="a">1995/1996</marc:subfield>
          </marc:datafield>
          <marc:datafield ind1="4" ind2="0" tag="863">
            <marc:subfield code="8">1.5004</marc:subfield>
            <marc:subfield code="a">1994/1995</marc:subfield>
          </marc:datafield>
          <marc:datafield ind1="4" ind2="0" tag="863">
            <marc:subfield code="8">1.5006</marc:subfield>
            <marc:subfield code="a">1993/1994</marc:subfield>
          </marc:datafield>
          <marc:datafield ind1="4" ind2="0" tag="863">
            <marc:subfield code="8">1.5008</marc:subfield>
            <marc:subfield code="a">1992/1993</marc:subfield>
          </marc:datafield>
          <marc:datafield ind1="4" ind2="0" tag="863">
            <marc:subfield code="8">1.5010</marc:subfield>
            <marc:subfield code="a">1991/1992</marc:subfield>
          </marc:datafield>
          <marc:datafield ind1="4" ind2="0" tag="863">
            <marc:subfield code="8">1.5012</marc:subfield>
            <marc:subfield code="a">1990/1991</marc:subfield>
          </marc:datafield>
          <marc:datafield ind1="4" ind2="0" tag="863">
            <marc:subfield code="8">1.5014</marc:subfield>
            <marc:subfield code="a">1989/1990</marc:subfield>
          </marc:datafield>
          <marc:datafield ind1="4" ind2="0" tag="863">
            <marc:subfield code="8">1.5016</marc:subfield>
            <marc:subfield code="a">1988/1989</marc:subfield>
          </marc:datafield>
          <marc:datafield ind1="4" ind2="0" tag="863">
            <marc:subfield code="8">1.5018</marc:subfield>
            <marc:subfield code="a">1987/1988</marc:subfield>
          </marc:datafield>
          <marc:datafield ind1="4" ind2="0" tag="863">
            <marc:subfield code="8">1.5020</marc:subfield>
            <marc:subfield code="a">1986/1987</marc:subfield>
          </marc:datafield>
          <marc:datafield ind1="4" ind2="0" tag="863">
            <marc:subfield code="8">1.5022</marc:subfield>
            <marc:subfield code="a">1985/1986</marc:subfield>
          </marc:datafield>
          <marc:datafield ind1="4" ind2="0" tag="863">
            <marc:subfield code="8">1.5024</marc:subfield>
            <marc:subfield code="a">1983/1984</marc:subfield>
          </marc:datafield>
          <marc:datafield ind1="4" ind2="0" tag="863">
            <marc:subfield code="8">1.5026</marc:subfield>
            <marc:subfield code="a">1982/1983</marc:subfield>
          </marc:datafield>
          <marc:datafield ind1="4" ind2="0" tag="863">
            <marc:subfield code="8">1.5028</marc:subfield>
            <marc:subfield code="a">1981/1982</marc:subfield>
          </marc:datafield>
          <marc:datafield ind1="4" ind2="0" tag="863">
            <marc:subfield code="8">1.5030</marc:subfield>
            <marc:subfield code="a">1980/1981</marc:subfield>
          </marc:datafield>
          <marc:datafield ind1="4" ind2="0" tag="863">
            <marc:subfield code="8">1.5032</marc:subfield>
            <marc:subfield code="a">1979/1980</marc:subfield>
          </marc:datafield>
          <marc:datafield ind1="4" ind2="0" tag="863">
            <marc:subfield code="8">1.5034</marc:subfield>
            <marc:subfield code="a">1977/1978</marc:subfield>
          </marc:datafield>
          <marc:datafield ind1="4" ind2="0" tag="863">
            <marc:subfield code="8">1.5036</marc:subfield>
            <marc:subfield code="a">1976/1977</marc:subfield>
          </marc:datafield>
          <marc:datafield ind1="4" ind2="0" tag="863">
            <marc:subfield code="8">1.5038</marc:subfield>
            <marc:subfield code="a">1975/1976</marc:subfield>
          </marc:datafield>
          <marc:datafield ind1="4" ind2="0" tag="863">
            <marc:subfield code="8">1.5040</marc:subfield>
            <marc:subfield code="a">1974/1975</marc:subfield>
          </marc:datafield>
          <marc:datafield ind1="4" ind2="0" tag="863">
            <marc:subfield code="8">1.5042</marc:subfield>
            <marc:subfield code="a">1973/1974</marc:subfield>
          </marc:datafield>
          <marc:datafield ind1="4" ind2="0" tag="864">
            <marc:subfield code="8">2.5000</marc:subfield>
            <marc:subfield code="a">1980/1981</marc:subfield>
            <marc:subfield code="b">3</marc:subfield>
          </marc:datafield>
          <marc:datafield ind1="4" ind2="0" tag="864">
            <marc:subfield code="8">2.5002</marc:subfield>
            <marc:subfield code="a">1977/1978</marc:subfield>
          </marc:datafield>
        </marc:record>
      </metadata>
    </record>
    <record>
      <header>
        <identifier>oai:mst.rochester.edu:MetadataServicesToolkit/marcnormalization/458</identifier>
        <datestamp>2012-01-09T19:09:09Z</datestamp>
        <setSpec>MARCXMLholding</setSpec>
      </header>
      <metadata>
        <marc:record xmlns:marc="http://www.loc.gov/MARC21/slim" xmlns:xsi="http://www.w3.org/2001/XMLSchema-instance" xsi:schemaLocation="http://www.loc.gov/MARC21/slim http://localhost:8080/OAIToolkit/schema/MARC21slim_custom.xsd">
          <marc:leader>01180cy  a22004575  4500</marc:leader>
          <marc:controlfield tag="001">16460</marc:controlfield>
          <marc:controlfield tag="003">NEIdb</marc:controlfield>
          <marc:controlfield tag="004">14808</marc:controlfield>
          <marc:controlfield tag="005">20100217091830.0</marc:controlfield>
          <marc:controlfield tag="007">ta</marc:controlfield>
          <marc:controlfield tag="008">9808054d    8   2001bueng0980805</marc:controlfield>
          <marc:datafield ind1="0" ind2=" " tag="014">
            <marc:subfield code="9">CXV-9637</marc:subfield>
          </marc:datafield>
          <marc:datafield ind1="0" ind2="1" tag="852">
            <marc:subfield code="b">cicsref</marc:subfield>
            <marc:subfield code="k">REF.</marc:subfield>
            <marc:subfield code="h">JK421A3</marc:subfield>
            <marc:subfield code="t">2</marc:subfield>
          </marc:datafield>
          <marc:datafield ind1="2" ind2="3" tag="853">
            <marc:subfield code="8">1</marc:subfield>
            <marc:subfield code="a">(year/year)</marc:subfield>
            <marc:subfield code="t">c.</marc:subfield>
          </marc:datafield>
          <marc:datafield ind1="4" ind2="0" tag="863">
            <marc:subfield code="8">1.4978</marc:subfield>
            <marc:subfield code="a">2009/2010</marc:subfield>
          </marc:datafield>
          <marc:datafield ind1="4" ind2="0" tag="863">
            <marc:subfield code="8">1.4980</marc:subfield>
            <marc:subfield code="a">2008/2009</marc:subfield>
          </marc:datafield>
          <marc:datafield ind1="4" ind2="0" tag="863">
            <marc:subfield code="8">1.4982</marc:subfield>
            <marc:subfield code="a">2007/2008</marc:subfield>
          </marc:datafield>
          <marc:datafield ind1="4" ind2="0" tag="863">
            <marc:subfield code="8">1.4984</marc:subfield>
            <marc:subfield code="a">2006/2007</marc:subfield>
          </marc:datafield>
          <marc:datafield ind1="4" ind2="0" tag="863">
            <marc:subfield code="8">1.4985</marc:subfield>
            <marc:subfield code="a">2005/2006</marc:subfield>
          </marc:datafield>
          <marc:datafield ind1="4" ind2="0" tag="863">
            <marc:subfield code="8">1.4986</marc:subfield>
            <marc:subfield code="a">2003/2004</marc:subfield>
          </marc:datafield>
          <marc:datafield ind1="4" ind2="0" tag="863">
            <marc:subfield code="8">1.4988</marc:subfield>
            <marc:subfield code="a">2002/2003</marc:subfield>
          </marc:datafield>
          <marc:datafield ind1="4" ind2="0" tag="863">
            <marc:subfield code="8">1.4990</marc:subfield>
            <marc:subfield code="a">2001/2002</marc:subfield>
          </marc:datafield>
          <marc:datafield ind1="4" ind2="0" tag="863">
            <marc:subfield code="8">1.4992</marc:subfield>
            <marc:subfield code="a">2000/2001</marc:subfield>
          </marc:datafield>
          <marc:datafield ind1="4" ind2="0" tag="863">
            <marc:subfield code="8">1.4994</marc:subfield>
            <marc:subfield code="a">1999/2000</marc:subfield>
          </marc:datafield>
          <marc:datafield ind1="4" ind2="0" tag="863">
            <marc:subfield code="8">1.4996</marc:subfield>
            <marc:subfield code="a">1998/1999</marc:subfield>
          </marc:datafield>
          <marc:datafield ind1="4" ind2="0" tag="863">
            <marc:subfield code="8">1.4998</marc:subfield>
            <marc:subfield code="a">1997/1998</marc:subfield>
          </marc:datafield>
          <marc:datafield ind1="4" ind2="0" tag="863">
            <marc:subfield code="8">1.5000</marc:subfield>
            <marc:subfield code="a">1996/1997</marc:subfield>
          </marc:datafield>
          <marc:datafield ind1="4" ind2="0" tag="863">
            <marc:subfield code="8">1.5002</marc:subfield>
            <marc:subfield code="a">1995/1996</marc:subfield>
          </marc:datafield>
          <marc:datafield ind1="4" ind2="0" tag="863">
            <marc:subfield code="8">1.5004</marc:subfield>
            <marc:subfield code="a">1994/1995</marc:subfield>
          </marc:datafield>
          <marc:datafield ind1="4" ind2="0" tag="863">
            <marc:subfield code="8">1.5006</marc:subfield>
            <marc:subfield code="a">1993/1994</marc:subfield>
          </marc:datafield>
          <marc:datafield ind1="4" ind2="0" tag="863">
            <marc:subfield code="8">1.5008</marc:subfield>
            <marc:subfield code="a">1992/1993</marc:subfield>
          </marc:datafield>
          <marc:datafield ind1="4" ind2="0" tag="863">
            <marc:subfield code="8">1.5010</marc:subfield>
            <marc:subfield code="a">1991/1992</marc:subfield>
          </marc:datafield>
          <marc:datafield ind1="4" ind2="0" tag="863">
            <marc:subfield code="8">1.5012</marc:subfield>
            <marc:subfield code="a">1990/1991</marc:subfield>
          </marc:datafield>
          <marc:datafield ind1="4" ind2="0" tag="863">
            <marc:subfield code="8">1.5014</marc:subfield>
            <marc:subfield code="a">1989/1990</marc:subfield>
          </marc:datafield>
          <marc:datafield ind1="4" ind2="0" tag="863">
            <marc:subfield code="8">1.5016</marc:subfield>
            <marc:subfield code="a">1988/1989</marc:subfield>
          </marc:datafield>
          <marc:datafield ind1="4" ind2="0" tag="863">
            <marc:subfield code="8">1.5018</marc:subfield>
            <marc:subfield code="a">1986/1987</marc:subfield>
          </marc:datafield>
          <marc:datafield ind1="4" ind2="0" tag="863">
            <marc:subfield code="8">1.5020</marc:subfield>
            <marc:subfield code="a">1985/1986</marc:subfield>
          </marc:datafield>
          <marc:datafield ind1="4" ind2="0" tag="863">
            <marc:subfield code="8">1.5022</marc:subfield>
            <marc:subfield code="a">1984/1985</marc:subfield>
          </marc:datafield>
          <marc:datafield ind1="4" ind2="0" tag="863">
            <marc:subfield code="8">1.5024</marc:subfield>
            <marc:subfield code="a">1983/1984</marc:subfield>
          </marc:datafield>
          <marc:datafield ind1="4" ind2="0" tag="863">
            <marc:subfield code="8">1.5026</marc:subfield>
            <marc:subfield code="a">1973/1974</marc:subfield>
          </marc:datafield>
        </marc:record>
      </metadata>
    </record>
    <record>
      <header>
        <identifier>oai:mst.rochester.edu:MetadataServicesToolkit/marcnormalization/459</identifier>
        <datestamp>2012-01-09T19:09:09Z</datestamp>
        <setSpec>MARCXMLholding</setSpec>
      </header>
      <metadata>
        <marc:record xmlns:marc="http://www.loc.gov/MARC21/slim" xmlns:xsi="http://www.w3.org/2001/XMLSchema-instance" xsi:schemaLocation="http://www.loc.gov/MARC21/slim http://localhost:8080/OAIToolkit/schema/MARC21slim_custom.xsd">
          <marc:leader>00286cy  a22001214  4500</marc:leader>
          <marc:controlfield tag="001">524955</marc:controlfield>
          <marc:controlfield tag="003">NEIdb</marc:controlfield>
          <marc:controlfield tag="004">14808</marc:controlfield>
          <marc:controlfield tag="005">20100217092030.0</marc:controlfield>
          <marc:controlfield tag="008">0611060p    8   1001uu   0000000</marc:controlfield>
          <marc:datafield ind1="0" ind2="1" tag="852">
            <marc:subfield code="b">refdesk</marc:subfield>
            <marc:subfield code="k">REF.</marc:subfield>
            <marc:subfield code="h">JK421</marc:subfield>
            <marc:subfield code="i">.A3</marc:subfield>
            <marc:subfield code="t">3</marc:subfield>
            <marc:subfield code="z">Latest year retained</marc:subfield>
          </marc:datafield>
          <marc:datafield ind1="2" ind2="3" tag="853">
            <marc:subfield code="8">1</marc:subfield>
            <marc:subfield code="a">(year)</marc:subfield>
            <marc:subfield code="t">c.</marc:subfield>
          </marc:datafield>
          <marc:datafield ind1="4" ind2="0" tag="863">
            <marc:subfield code="8">1.5000</marc:subfield>
            <marc:subfield code="a">2009/2010</marc:subfield>
          </marc:datafield>
        </marc:record>
      </metadata>
    </record>