
    <record>
      <header>
        <identifier>oai:mst.rochester.edu:MetadataServicesToolkit/marcnormalization/476</identifier>
        <datestamp>2012-01-09T19:09:09Z</datestamp>
        <setSpec>MARCXMLbibliographic</setSpec>
      </header>
      <metadata>
        <marc:record xmlns:marc="http://www.loc.gov/MARC21/slim" xmlns:xsi="http://www.w3.org/2001/XMLSchema-instance" xsi:schemaLocation="http://www.loc.gov/MARC21/slim http://localhost:8080/OAIToolkit/schema/MARC21slim_custom.xsd">
          <marc:leader>02975cas a2200589 a 4500</marc:leader>
          <marc:controlfield tag="001">33280</marc:controlfield>
          <marc:controlfield tag="003">NIUdb</marc:controlfield>
          <marc:controlfield tag="005">20100209142454.0</marc:controlfield>
          <marc:controlfield tag="008">740108c19749999dcuar1   f   f0   a0eng  </marc:controlfield>
          <marc:datafield ind1=" " ind2=" " tag="010">
            <marc:subfield code="a">   73646537  </marc:subfield>
            <marc:subfield code="z">   73064653</marc:subfield>
          </marc:datafield>
          <marc:datafield ind1=" " ind2=" " tag="012">
            <marc:subfield code="a">2</marc:subfield>
            <marc:subfield code="b">3</marc:subfield>
            <marc:subfield code="d">7</marc:subfield>
            <marc:subfield code="e">-</marc:subfield>
            <marc:subfield code="f">-</marc:subfield>
            <marc:subfield code="g">p</marc:subfield>
            <marc:subfield code="h">-</marc:subfield>
            <marc:subfield code="i">8407</marc:subfield>
            <marc:subfield code="j">0</marc:subfield>
          </marc:datafield>
          <marc:datafield ind1="7" ind2=" " tag="016">
            <marc:subfield code="a">0424210</marc:subfield>
            <marc:subfield code="2">DNLM</marc:subfield>
          </marc:datafield>
          <marc:datafield ind1="7" ind2=" " tag="016">
            <marc:subfield code="a">U02800000</marc:subfield>
            <marc:subfield code="2">DNLM</marc:subfield>
          </marc:datafield>
          <marc:datafield ind1=" " ind2=" " tag="019">
            <marc:subfield code="a">963015</marc:subfield>
            <marc:subfield code="a">3077581</marc:subfield>
            <marc:subfield code="a">5841032</marc:subfield>
            <marc:subfield code="a">14346043</marc:subfield>
          </marc:datafield>
          <marc:datafield ind1=" " ind2=" " tag="022">
            <marc:subfield code="a">0092-1904</marc:subfield>
            <marc:subfield code="2">1</marc:subfield>
          </marc:datafield>
          <marc:datafield ind1="1" ind2=" " tag="029">
            <marc:subfield code="a">NLM</marc:subfield>
            <marc:subfield code="b">0424210</marc:subfield>
          </marc:datafield>
          <marc:datafield ind1=" " ind2=" " tag="035">
            <marc:subfield code="a">(OCoLC)1788884</marc:subfield>
          </marc:datafield>
          <marc:datafield ind1=" " ind2=" " tag="037">
            <marc:subfield code="b">Supt. of Docs., U.S. Govt. Print. Off., Washington, DC 20402</marc:subfield>
          </marc:datafield>
          <marc:datafield ind1=" " ind2=" " tag="040">
            <marc:subfield code="d">OCL</marc:subfield>
            <marc:subfield code="d">DLC</marc:subfield>
            <marc:subfield code="d">GPO</marc:subfield>
            <marc:subfield code="d">DLC</marc:subfield>
            <marc:subfield code="d">NST</marc:subfield>
            <marc:subfield code="d">DLC</marc:subfield>
            <marc:subfield code="d">NST</marc:subfield>
            <marc:subfield code="d">RCS</marc:subfield>
            <marc:subfield code="d">OCL</marc:subfield>
            <marc:subfield code="d">NST</marc:subfield>
            <marc:subfield code="d">HUL</marc:subfield>
            <marc:subfield code="d">NST</marc:subfield>
            <marc:subfield code="d">NSD</marc:subfield>
            <marc:subfield code="d">NST</marc:subfield>
            <marc:subfield code="d">GPO</marc:subfield>
            <marc:subfield code="d">HUL</marc:subfield>
            <marc:subfield code="d">OCL</marc:subfield>
            <marc:subfield code="d">FUG</marc:subfield>
            <marc:subfield code="d">NST</marc:subfield>
            <marc:subfield code="d">GPO</marc:subfield>
            <marc:subfield code="d">DLC</marc:subfield>
            <marc:subfield code="d">OCL</marc:subfield>
            <marc:subfield code="d">HUL</marc:subfield>
            <marc:subfield code="d">NSD</marc:subfield>
            <marc:subfield code="d">OCL</marc:subfield>
            <marc:subfield code="d">GPO</marc:subfield>
            <marc:subfield code="d">NST</marc:subfield>
            <marc:subfield code="d">GPO</marc:subfield>
            <marc:subfield code="d">NST</marc:subfield>
            <marc:subfield code="d">AGL</marc:subfield>
            <marc:subfield code="d">NST</marc:subfield>
            <marc:subfield code="d">OCL</marc:subfield>
            <marc:subfield code="d">NST</marc:subfield>
            <marc:subfield code="d">GPO</marc:subfield>
            <marc:subfield code="d">DLC</marc:subfield>
            <marc:subfield code="d">GPO</marc:subfield>
            <marc:subfield code="d">IUL</marc:subfield>
            <marc:subfield code="d">GPO</marc:subfield>
            <marc:subfield code="d">IUL</marc:subfield>
            <marc:subfield code="d">GPO</marc:subfield>
            <marc:subfield code="d">DLC</marc:subfield>
            <marc:subfield code="d">MvI</marc:subfield>
          </marc:datafield>
          <marc:datafield ind1=" " ind2=" " tag="042">
            <marc:subfield code="a">lc</marc:subfield>
            <marc:subfield code="a">nsdp</marc:subfield>
          </marc:datafield>
          <marc:datafield ind1=" " ind2=" " tag="043">
            <marc:subfield code="a">n-us---</marc:subfield>
          </marc:datafield>
          <marc:datafield ind1=" " ind2=" " tag="049">
            <marc:subfield code="a">SPIC</marc:subfield>
          </marc:datafield>
          <marc:datafield ind1="0" ind2="0" tag="050">
            <marc:subfield code="a">JK421</marc:subfield>
            <marc:subfield code="b">.A3</marc:subfield>
          </marc:datafield>
          <marc:datafield ind1="0" ind2="0" tag="060">
            <marc:subfield code="a">JK 421</marc:subfield>
            <marc:subfield code="b">U57</marc:subfield>
          </marc:datafield>
          <marc:datafield ind1="0" ind2=" " tag="070">
            <marc:subfield code="a">173.2</marc:subfield>
            <marc:subfield code="b">N212U</marc:subfield>
          </marc:datafield>
          <marc:datafield ind1=" " ind2="0" tag="072">
            <marc:subfield code="a">X800</marc:subfield>
          </marc:datafield>
          <marc:datafield ind1=" " ind2=" " tag="074">
            <marc:subfield code="a">0577</marc:subfield>
          </marc:datafield>
          <marc:datafield ind1=" " ind2=" " tag="074">
            <marc:subfield code="a">0577 (online)</marc:subfield>
          </marc:datafield>
          <marc:datafield ind1=" " ind2=" " tag="082">
            <marc:subfield code="a">353</marc:subfield>
          </marc:datafield>
          <marc:datafield ind1="0" ind2=" " tag="086">
            <marc:subfield code="a">GS 4.109:</marc:subfield>
          </marc:datafield>
          <marc:datafield ind1="0" ind2=" " tag="086">
            <marc:subfield code="a">AE 2.108/2:</marc:subfield>
          </marc:datafield>
          <marc:datafield ind1="0" ind2=" " tag="130">
            <marc:subfield code="a">United States government manual (Washington, D.C. : 1973)</marc:subfield>
          </marc:datafield>
          <marc:datafield ind1="0" ind2=" " tag="210">
            <marc:subfield code="a">U. S. gov. man.</marc:subfield>
            <marc:subfield code="b">(1974)</marc:subfield>
          </marc:datafield>
          <marc:datafield ind1=" " ind2="0" tag="222">
            <marc:subfield code="a">United States government manual</marc:subfield>
            <marc:subfield code="b">(1974)</marc:subfield>
          </marc:datafield>
          <marc:datafield ind1="0" ind2="4" tag="245">
            <marc:subfield code="a">The United States government manual.</marc:subfield>
          </marc:datafield>
          <marc:datafield ind1="1" ind2="7" tag="246">
            <marc:subfield code="a">U. S. government manual</marc:subfield>
          </marc:datafield>
          <marc:datafield ind1=" " ind2=" " tag="260">
            <marc:subfield code="a">Washington, D.C. :</marc:subfield>
            <marc:subfield code="b">Office of the Federal Register, National Archives and Records Service, General Services Administration :</marc:subfield>
            <marc:subfield code="b">For sale by the Supt. of Docs., U.S. G.P.O.,</marc:subfield>
            <marc:subfield code="c">[1973-</marc:subfield>
          </marc:datafield>
          <marc:datafield ind1=" " ind2=" " tag="300">
            <marc:subfield code="a">v. :</marc:subfield>
            <marc:subfield code="b">ill. ;</marc:subfield>
            <marc:subfield code="c">24 cm.</marc:subfield>
          </marc:datafield>
          <marc:datafield ind1=" " ind2=" " tag="310">
            <marc:subfield code="a">Annual</marc:subfield>
          </marc:datafield>
          <marc:datafield ind1="0" ind2=" " tag="362">
            <marc:subfield code="a">1973/74-</marc:subfield>
          </marc:datafield>
          <marc:datafield ind1=" " ind2=" " tag="500">
            <marc:subfield code="a">Published as a special edition of the Federal register.</marc:subfield>
          </marc:datafield>
          <marc:datafield ind1=" " ind2=" " tag="500">
            <marc:subfield code="a">Latest issue consulted: 1998/99.</marc:subfield>
          </marc:datafield>
          <marc:datafield ind1=" " ind2=" " tag="530">
            <marc:subfield code="a">Some issues also available from GPO Access via Internet at the GPO web site (choice of text (full or summary) and PDF). Address as of 3/1/99: http://www.access.gpo.gov/nara/nara001.html ; current access is available via PURL.</marc:subfield>
          </marc:datafield>
          <marc:datafield ind1=" " ind2=" " tag="550">
            <marc:subfield code="a">Vols. for 1985/86-   published by the Office of the Federal Register, National Archives and Records Administration.</marc:subfield>
          </marc:datafield>
          <marc:datafield ind1=" " ind2="0" tag="650">
            <marc:subfield code="a">Executive departments</marc:subfield>
            <marc:subfield code="z">United States</marc:subfield>
            <marc:subfield code="v">Handbooks, manuals, etc.</marc:subfield>
          </marc:datafield>
          <marc:datafield ind1=" " ind2="0" tag="650">
            <marc:subfield code="a">Administrative agencies</marc:subfield>
            <marc:subfield code="z">United States</marc:subfield>
            <marc:subfield code="v">Handbooks, manuals, etc.</marc:subfield>
          </marc:datafield>
          <marc:datafield ind1=" " ind2="0" tag="651">
            <marc:subfield code="a">United States</marc:subfield>
            <marc:subfield code="x">Politics and government</marc:subfield>
            <marc:subfield code="v">Handbooks, manuals, etc.</marc:subfield>
          </marc:datafield>
          <marc:datafield ind1="1" ind2=" " tag="710">
            <marc:subfield code="a">United States.</marc:subfield>
            <marc:subfield code="b">Office of the Federal Register.</marc:subfield>
          </marc:datafield>
          <marc:datafield ind1="1" ind2=" " tag="776">
            <marc:subfield code="t">U.S. government manual</marc:subfield>
            <marc:subfield code="w">(OCoLC)32074832</marc:subfield>
          </marc:datafield>
          <marc:datafield ind1="0" ind2="0" tag="780">
            <marc:subfield code="t">United States government organization manual</marc:subfield>
            <marc:subfield code="x">0083-1174</marc:subfield>
            <marc:subfield code="w">(DLC)   35026025</marc:subfield>
            <marc:subfield code="w">(OCoLC)8508797</marc:subfield>
          </marc:datafield>
          <marc:datafield ind1=" " ind2=" " tag="850">
            <marc:subfield code="a">AAP</marc:subfield>
            <marc:subfield code="a">AU</marc:subfield>
            <marc:subfield code="a">CSf</marc:subfield>
            <marc:subfield code="a">CSt</marc:subfield>
            <marc:subfield code="a">CU</marc:subfield>
            <marc:subfield code="a">CU-Riv</marc:subfield>
            <marc:subfield code="a">CU-S</marc:subfield>
            <marc:subfield code="a">CU-SB</marc:subfield>
            <marc:subfield code="a">CaNBFU</marc:subfield>
            <marc:subfield code="a">CtHT</marc:subfield>
            <marc:subfield code="a">CtY-L</marc:subfield>
            <marc:subfield code="a">DLC</marc:subfield>
            <marc:subfield code="a">DNAL</marc:subfield>
            <marc:subfield code="a">DeU</marc:subfield>
            <marc:subfield code="a">FU</marc:subfield>
            <marc:subfield code="a">IC</marc:subfield>
            <marc:subfield code="a">ICA</marc:subfield>
            <marc:subfield code="a">ICRL</marc:subfield>
            <marc:subfield code="a">IaU</marc:subfield>
            <marc:subfield code="a">InU</marc:subfield>
            <marc:subfield code="a">KMK</marc:subfield>
            <marc:subfield code="a">LU</marc:subfield>
            <marc:subfield code="a">MBCo</marc:subfield>
            <marc:subfield code="a">MH-BA</marc:subfield>
            <marc:subfield code="a">MH-CS</marc:subfield>
            <marc:subfield code="a">MH-Ed</marc:subfield>
            <marc:subfield code="a">MH-GM</marc:subfield>
            <marc:subfield code="a">MH-GS</marc:subfield>
            <marc:subfield code="a">MH-Hi</marc:subfield>
            <marc:subfield code="a">MH-KG</marc:subfield>
            <marc:subfield code="a">MH-L</marc:subfield>
            <marc:subfield code="a">MH-SD</marc:subfield>
            <marc:subfield code="a">MH-Z</marc:subfield>
            <marc:subfield code="a">MnU</marc:subfield>
            <marc:subfield code="a">MoSU</marc:subfield>
            <marc:subfield code="a">MtBC</marc:subfield>
            <marc:subfield code="a">N</marc:subfield>
            <marc:subfield code="a">NNC</marc:subfield>
            <marc:subfield code="a">NcD</marc:subfield>
            <marc:subfield code="a">NcD-L</marc:subfield>
            <marc:subfield code="a">NcU</marc:subfield>
            <marc:subfield code="a">NvU</marc:subfield>
            <marc:subfield code="a">OCU</marc:subfield>
            <marc:subfield code="a">OU</marc:subfield>
            <marc:subfield code="a">OrU</marc:subfield>
            <marc:subfield code="a">OrU-S</marc:subfield>
            <marc:subfield code="a">ViRCU-H</marc:subfield>
            <marc:subfield code="a">ViU</marc:subfield>
          </marc:datafield>
          <marc:datafield ind1="4" ind2="1" tag="856">
            <marc:subfield code="u">http://purl.access.gpo.gov/GPO/LPS2410</marc:subfield>
            <marc:subfield code="z">user may browse a specific issue or search for specific terms in one or more issues</marc:subfield>
          </marc:datafield>
          <marc:datafield tag="931" ind1=" " ind2=" ">
            <marc:subfield code="a">Text</marc:subfield>
            <marc:subfield code="5">UIUdb</marc:subfield>
          </marc:datafield>
          <marc:datafield tag="932" ind1=" " ind2=" ">
            <marc:subfield code="a">Language material</marc:subfield>
            <marc:subfield code="5">UIUdb</marc:subfield>
          </marc:datafield>
          <marc:datafield tag="933" ind1=" " ind2=" ">
            <marc:subfield code="a">Text</marc:subfield>
            <marc:subfield code="5">UIUdb</marc:subfield>
          </marc:datafield>
          <marc:datafield tag="935" ind1=" " ind2=" ">
            <marc:subfield code="a">Serial</marc:subfield>
            <marc:subfield code="5">UIUdb</marc:subfield>
          </marc:datafield>
          <marc:datafield tag="937" ind1=" " ind2=" ">
            <marc:subfield code="a">Non-Fiction</marc:subfield>
            <marc:subfield code="5">UIUdb</marc:subfield>
          </marc:datafield>
          <marc:datafield tag="939" ind1=" " ind2=" ">
            <marc:subfield code="a">1974-    </marc:subfield>
            <marc:subfield code="5">UIUdb</marc:subfield>
          </marc:datafield>
          <marc:datafield tag="941" ind1=" " ind2=" ">
            <marc:subfield code="a">eng</marc:subfield>
            <marc:subfield code="5">UIUdb</marc:subfield>
          </marc:datafield>
          <marc:datafield tag="943" ind1=" " ind2=" ">
            <marc:subfield code="a">English</marc:subfield>
            <marc:subfield code="5">UIUdb</marc:subfield>
          </marc:datafield>
          <marc:datafield tag="965" ind1=" " ind2="0">
            <marc:subfield code="a">Executive departments</marc:subfield>
            <marc:subfield code="5">UIUdb</marc:subfield>
          </marc:datafield>
          <marc:datafield tag="965" ind1=" " ind2="0">
            <marc:subfield code="a">Administrative agencies</marc:subfield>
            <marc:subfield code="5">UIUdb</marc:subfield>
          </marc:datafield>
          <marc:datafield tag="965" ind1=" " ind2="0">
            <marc:subfield code="x">Politics and government</marc:subfield>
            <marc:subfield code="5">UIUdb</marc:subfield>
          </marc:datafield>
          <marc:datafield tag="967" ind1=" " ind2="0">
            <marc:subfield code="a">United States</marc:subfield>
            <marc:subfield code="5">UIUdb</marc:subfield>
          </marc:datafield>
          <marc:datafield tag="969" ind1=" " ind2="0">
            <marc:subfield code="v">Handbooks, manuals, etc.</marc:subfield>
            <marc:subfield code="5">UIUdb</marc:subfield>
          </marc:datafield>
        </marc:record>
      </metadata>
    </record>
    <record>
      <header>
        <identifier>oai:mst.rochester.edu:MetadataServicesToolkit/marcnormalization/477</identifier>
        <datestamp>2012-01-09T19:09:09Z</datestamp>
        <setSpec>MARCXMLholding</setSpec>
      </header>
      <metadata>
        <marc:record xmlns:marc="http://www.loc.gov/MARC21/slim" xmlns:xsi="http://www.w3.org/2001/XMLSchema-instance" xsi:schemaLocation="http://www.loc.gov/MARC21/slim http://localhost:8080/OAIToolkit/schema/MARC21slim_custom.xsd">
          <marc:leader>00818cy  a22003015  4500</marc:leader>
          <marc:controlfield tag="001">38831</marc:controlfield>
          <marc:controlfield tag="003">NIUdb</marc:controlfield>
          <marc:controlfield tag="004">33280</marc:controlfield>
          <marc:controlfield tag="005">20090722114614.0</marc:controlfield>
          <marc:controlfield tag="007">ta</marc:controlfield>
          <marc:controlfield tag="008">9808010u    0   0002uueng1980801</marc:controlfield>
          <marc:datafield ind1="0" ind2=" " tag="852">
            <marc:subfield code="b">fmlrsx</marc:subfield>
            <marc:subfield code="h">JK421</marc:subfield>
            <marc:subfield code="i">.A3</marc:subfield>
            <marc:subfield code="t">1</marc:subfield>
            <marc:subfield code="z">Continues: United States Government organization manual</marc:subfield>
          </marc:datafield>
          <marc:datafield ind1="2" ind2="3" tag="853">
            <marc:subfield code="8">2</marc:subfield>
            <marc:subfield code="a">(yr.)</marc:subfield>
            <marc:subfield code="t">c.</marc:subfield>
          </marc:datafield>
          <marc:datafield ind1="4" ind2="0" tag="863">
            <marc:subfield code="8">2.5000</marc:subfield>
            <marc:subfield code="a">2000-01</marc:subfield>
            <marc:subfield code="t">1</marc:subfield>
          </marc:datafield>
          <marc:datafield ind1="4" ind2="0" tag="863">
            <marc:subfield code="8">2.5020</marc:subfield>
            <marc:subfield code="a">1998-99</marc:subfield>
            <marc:subfield code="t">1</marc:subfield>
          </marc:datafield>
          <marc:datafield ind1="4" ind2="0" tag="863">
            <marc:subfield code="8">2.5030</marc:subfield>
            <marc:subfield code="a">1997-98</marc:subfield>
            <marc:subfield code="t">1</marc:subfield>
          </marc:datafield>
          <marc:datafield ind1="4" ind2="0" tag="863">
            <marc:subfield code="8">2.5050</marc:subfield>
            <marc:subfield code="a">1995-96</marc:subfield>
            <marc:subfield code="t">1</marc:subfield>
          </marc:datafield>
          <marc:datafield ind1="4" ind2="0" tag="863">
            <marc:subfield code="8">2.5060</marc:subfield>
            <marc:subfield code="a">1994-95</marc:subfield>
            <marc:subfield code="t">1</marc:subfield>
          </marc:datafield>
          <marc:datafield ind1="4" ind2="0" tag="863">
            <marc:subfield code="8">2.5070</marc:subfield>
            <marc:subfield code="a">1993-94</marc:subfield>
            <marc:subfield code="t">1</marc:subfield>
          </marc:datafield>
          <marc:datafield ind1="4" ind2="0" tag="863">
            <marc:subfield code="8">2.5080</marc:subfield>
            <marc:subfield code="a">1992-93</marc:subfield>
            <marc:subfield code="t">1</marc:subfield>
          </marc:datafield>
          <marc:datafield ind1="4" ind2="0" tag="863">
            <marc:subfield code="8">2.5090</marc:subfield>
            <marc:subfield code="a">1991-92</marc:subfield>
            <marc:subfield code="t">1</marc:subfield>
          </marc:datafield>
          <marc:datafield ind1="4" ind2="0" tag="863">
            <marc:subfield code="8">2.5100</marc:subfield>
            <marc:subfield code="a">1990-91</marc:subfield>
            <marc:subfield code="t">1</marc:subfield>
          </marc:datafield>
          <marc:datafield ind1="4" ind2="0" tag="863">
            <marc:subfield code="8">2.5110</marc:subfield>
            <marc:subfield code="a">1989-90</marc:subfield>
            <marc:subfield code="t">1</marc:subfield>
          </marc:datafield>
          <marc:datafield ind1="4" ind2="0" tag="863">
            <marc:subfield code="8">2.5120</marc:subfield>
            <marc:subfield code="a">1988-89</marc:subfield>
            <marc:subfield code="t">1</marc:subfield>
          </marc:datafield>
          <marc:datafield ind1="4" ind2="0" tag="863">
            <marc:subfield code="8">2.5130</marc:subfield>
            <marc:subfield code="a">1987-88</marc:subfield>
            <marc:subfield code="t">1</marc:subfield>
          </marc:datafield>
          <marc:datafield ind1="4" ind2="0" tag="863">
            <marc:subfield code="8">2.5140</marc:subfield>
            <marc:subfield code="a">1986-87</marc:subfield>
            <marc:subfield code="t">1</marc:subfield>
          </marc:datafield>
          <marc:datafield ind1="4" ind2="0" tag="863">
            <marc:subfield code="8">2.5150</marc:subfield>
            <marc:subfield code="a">1985-86</marc:subfield>
            <marc:subfield code="t">1</marc:subfield>
          </marc:datafield>
          <marc:datafield ind1="4" ind2="0" tag="863">
            <marc:subfield code="8">2.5160</marc:subfield>
            <marc:subfield code="a">1984-85</marc:subfield>
            <marc:subfield code="t">1</marc:subfield>
          </marc:datafield>
        </marc:record>
      </metadata>
    </record>
    <record>
      <header>
        <identifier>oai:mst.rochester.edu:MetadataServicesToolkit/marcnormalization/478</identifier>
        <datestamp>2012-01-09T19:09:09Z</datestamp>
        <setSpec>MARCXMLholding</setSpec>
      </header>
      <metadata>
        <marc:record xmlns:marc="http://www.loc.gov/MARC21/slim" xmlns:xsi="http://www.w3.org/2001/XMLSchema-instance" xsi:schemaLocation="http://www.loc.gov/MARC21/slim http://localhost:8080/OAIToolkit/schema/MARC21slim_custom.xsd">
          <marc:leader>00328cy  a22001335  4500</marc:leader>
          <marc:controlfield tag="001">38832</marc:controlfield>
          <marc:controlfield tag="003">NIUdb</marc:controlfield>
          <marc:controlfield tag="004">33280</marc:controlfield>
          <marc:controlfield tag="005">20090722114636.0</marc:controlfield>
          <marc:controlfield tag="007">ta</marc:controlfield>
          <marc:controlfield tag="008">9808010u    0   0002uueng1980801</marc:controlfield>
          <marc:datafield ind1="0" ind2=" " tag="852">
            <marc:subfield code="b">fmlrsx</marc:subfield>
            <marc:subfield code="h">JK421</marc:subfield>
            <marc:subfield code="i">.A3</marc:subfield>
            <marc:subfield code="t">2</marc:subfield>
            <marc:subfield code="z">Continues: United States Government organization manual</marc:subfield>
          </marc:datafield>
          <marc:datafield ind1="2" ind2="3" tag="853">
            <marc:subfield code="8">2</marc:subfield>
            <marc:subfield code="a">(yr.)</marc:subfield>
            <marc:subfield code="t">c.</marc:subfield>
          </marc:datafield>
          <marc:datafield ind1="4" ind2="0" tag="863">
            <marc:subfield code="8">2.5190</marc:subfield>
            <marc:subfield code="a">1981-82</marc:subfield>
            <marc:subfield code="t">2</marc:subfield>
          </marc:datafield>
        </marc:record>
      </metadata>
    </record>
    <record>
      <header>
        <identifier>oai:mst.rochester.edu:MetadataServicesToolkit/marcnormalization/479</identifier>
        <datestamp>2012-01-09T19:09:09Z</datestamp>
        <setSpec>MARCXMLholding</setSpec>
      </header>
      <metadata>
        <marc:record xmlns:marc="http://www.loc.gov/MARC21/slim" xmlns:xsi="http://www.w3.org/2001/XMLSchema-instance" xsi:schemaLocation="http://www.loc.gov/MARC21/slim http://localhost:8080/OAIToolkit/schema/MARC21slim_custom.xsd">
          <marc:leader>01154cy  a22003731  4500</marc:leader>
          <marc:controlfield tag="001">38833</marc:controlfield>
          <marc:controlfield tag="003">NIUdb</marc:controlfield>
          <marc:controlfield tag="004">33280</marc:controlfield>
          <marc:controlfield tag="005">20100211162836.0</marc:controlfield>
          <marc:controlfield tag="008">9910070u    0   0002uu   0991007</marc:controlfield>
          <marc:datafield ind1="3" ind2=" " tag="852">
            <marc:subfield code="b">fmlgpx</marc:subfield>
            <marc:subfield code="h">AE 2.108/2:</marc:subfield>
            <marc:subfield code="t">1</marc:subfield>
            <marc:subfield code="z">Current issue on reserve at Gov Pubs Desk;</marc:subfield>
            <marc:subfield code="z">No holdings until bound;</marc:subfield>
            <marc:subfield code="z">Continues: GS 4.109:;</marc:subfield>
            <marc:subfield code="z">Continues: United States government organization manual</marc:subfield>
          </marc:datafield>
          <marc:datafield ind1="2" ind2="3" tag="853">
            <marc:subfield code="8">2</marc:subfield>
            <marc:subfield code="a">(yr.)</marc:subfield>
            <marc:subfield code="t">c.</marc:subfield>
          </marc:datafield>
          <marc:datafield ind1="4" ind2="0" tag="863">
            <marc:subfield code="8">2.4920</marc:subfield>
            <marc:subfield code="a">2008-2009</marc:subfield>
            <marc:subfield code="t">1</marc:subfield>
          </marc:datafield>
          <marc:datafield ind1="4" ind2="0" tag="863">
            <marc:subfield code="8">2.4930</marc:subfield>
            <marc:subfield code="a">2007-2008</marc:subfield>
            <marc:subfield code="t">1</marc:subfield>
          </marc:datafield>
          <marc:datafield ind1="4" ind2="0" tag="863">
            <marc:subfield code="8">2.4940</marc:subfield>
            <marc:subfield code="a">2006-2007</marc:subfield>
            <marc:subfield code="t">1</marc:subfield>
          </marc:datafield>
          <marc:datafield ind1="4" ind2="0" tag="863">
            <marc:subfield code="8">2.4950</marc:subfield>
            <marc:subfield code="a">2005-2006</marc:subfield>
            <marc:subfield code="t">1</marc:subfield>
          </marc:datafield>
          <marc:datafield ind1="4" ind2="0" tag="863">
            <marc:subfield code="8">2.4960</marc:subfield>
            <marc:subfield code="a">2004-2005</marc:subfield>
            <marc:subfield code="t">1</marc:subfield>
          </marc:datafield>
          <marc:datafield ind1="4" ind2="0" tag="863">
            <marc:subfield code="8">2.4970</marc:subfield>
            <marc:subfield code="a">2003-2004</marc:subfield>
            <marc:subfield code="t">1</marc:subfield>
          </marc:datafield>
          <marc:datafield ind1="4" ind2="0" tag="863">
            <marc:subfield code="8">2.4980</marc:subfield>
            <marc:subfield code="a">2002-2003</marc:subfield>
            <marc:subfield code="t">1</marc:subfield>
          </marc:datafield>
          <marc:datafield ind1="4" ind2="0" tag="863">
            <marc:subfield code="8">2.4990</marc:subfield>
            <marc:subfield code="a">2001-2002</marc:subfield>
            <marc:subfield code="t">1</marc:subfield>
          </marc:datafield>
          <marc:datafield ind1="4" ind2="0" tag="863">
            <marc:subfield code="8">2.5010</marc:subfield>
            <marc:subfield code="a">999-2000</marc:subfield>
            <marc:subfield code="t">1</marc:subfield>
          </marc:datafield>
          <marc:datafield ind1="4" ind2="0" tag="863">
            <marc:subfield code="8">2.5025</marc:subfield>
            <marc:subfield code="a">998-99</marc:subfield>
            <marc:subfield code="t">1</marc:subfield>
          </marc:datafield>
          <marc:datafield ind1="4" ind2="0" tag="863">
            <marc:subfield code="8">2.5031</marc:subfield>
            <marc:subfield code="a">997-98</marc:subfield>
            <marc:subfield code="t">1</marc:subfield>
          </marc:datafield>
          <marc:datafield ind1="4" ind2="0" tag="863">
            <marc:subfield code="8">2.5040</marc:subfield>
            <marc:subfield code="a">996-97</marc:subfield>
            <marc:subfield code="t">1</marc:subfield>
          </marc:datafield>
          <marc:datafield ind1="4" ind2="0" tag="863">
            <marc:subfield code="8">2.5050</marc:subfield>
            <marc:subfield code="a">995-96</marc:subfield>
            <marc:subfield code="t">1</marc:subfield>
          </marc:datafield>
          <marc:datafield ind1="4" ind2="0" tag="863">
            <marc:subfield code="8">2.5060</marc:subfield>
            <marc:subfield code="a">994-995</marc:subfield>
            <marc:subfield code="t">1</marc:subfield>
          </marc:datafield>
          <marc:datafield ind1="4" ind2="0" tag="863">
            <marc:subfield code="8">2.5071</marc:subfield>
            <marc:subfield code="a">993-94</marc:subfield>
            <marc:subfield code="t">1</marc:subfield>
          </marc:datafield>
          <marc:datafield ind1="4" ind2="0" tag="863">
            <marc:subfield code="8">2.5080</marc:subfield>
            <marc:subfield code="a">992-993</marc:subfield>
            <marc:subfield code="t">1</marc:subfield>
          </marc:datafield>
          <marc:datafield ind1="4" ind2="0" tag="863">
            <marc:subfield code="8">2.5090</marc:subfield>
            <marc:subfield code="a">991-992</marc:subfield>
            <marc:subfield code="t">1</marc:subfield>
          </marc:datafield>
          <marc:datafield ind1="4" ind2="0" tag="863">
            <marc:subfield code="8">2.5100</marc:subfield>
            <marc:subfield code="a">990-991</marc:subfield>
            <marc:subfield code="t">1</marc:subfield>
          </marc:datafield>
          <marc:datafield ind1="4" ind2="0" tag="863">
            <marc:subfield code="8">2.5110</marc:subfield>
            <marc:subfield code="a">989-990</marc:subfield>
            <marc:subfield code="t">1</marc:subfield>
          </marc:datafield>
          <marc:datafield ind1="4" ind2="0" tag="863">
            <marc:subfield code="8">2.5120</marc:subfield>
            <marc:subfield code="a">988-989</marc:subfield>
            <marc:subfield code="t">1</marc:subfield>
          </marc:datafield>
          <marc:datafield ind1="4" ind2="0" tag="863">
            <marc:subfield code="8">2.5130</marc:subfield>
            <marc:subfield code="a">987-988</marc:subfield>
            <marc:subfield code="t">1</marc:subfield>
          </marc:datafield>
          <marc:datafield ind1="4" ind2="0" tag="863">
            <marc:subfield code="8">2.5140</marc:subfield>
            <marc:subfield code="a">986-987</marc:subfield>
            <marc:subfield code="t">1</marc:subfield>
          </marc:datafield>
        </marc:record>
      </metadata>
    </record>
    <record>
      <header>
        <identifier>oai:mst.rochester.edu:MetadataServicesToolkit/marcnormalization/480</identifier>
        <datestamp>2012-01-09T19:09:09Z</datestamp>
        <setSpec>MARCXMLholding</setSpec>
      </header>
      <metadata>
        <marc:record xmlns:marc="http://www.loc.gov/MARC21/slim" xmlns:xsi="http://www.w3.org/2001/XMLSchema-instance" xsi:schemaLocation="http://www.loc.gov/MARC21/slim http://localhost:8080/OAIToolkit/schema/MARC21slim_custom.xsd">
          <marc:leader>00818cy  a22002771  4500</marc:leader>
          <marc:controlfield tag="001">38834</marc:controlfield>
          <marc:controlfield tag="003">NIUdb</marc:controlfield>
          <marc:controlfield tag="004">33280</marc:controlfield>
          <marc:controlfield tag="005">20090722115121.0</marc:controlfield>
          <marc:controlfield tag="008">9910130u    0   0001uu   0991013</marc:controlfield>
          <marc:datafield ind1="3" ind2=" " tag="852">
            <marc:subfield code="b">fmlgpx</marc:subfield>
            <marc:subfield code="h">GS 4.109:</marc:subfield>
            <marc:subfield code="t">1</marc:subfield>
            <marc:subfield code="x">Building use only;</marc:subfield>
            <marc:subfield code="z">Continues: United States Government Organization Manual;</marc:subfield>
            <marc:subfield code="z">Continued by: AE 2.108/2:</marc:subfield>
          </marc:datafield>
          <marc:datafield ind1="2" ind2="3" tag="853">
            <marc:subfield code="8">2</marc:subfield>
            <marc:subfield code="a">(yr.)</marc:subfield>
            <marc:subfield code="t">c.</marc:subfield>
          </marc:datafield>
          <marc:datafield ind1="4" ind2="0" tag="863">
            <marc:subfield code="8">2.5150</marc:subfield>
            <marc:subfield code="a">985-986</marc:subfield>
            <marc:subfield code="t">1</marc:subfield>
          </marc:datafield>
          <marc:datafield ind1="4" ind2="0" tag="863">
            <marc:subfield code="8">2.5160</marc:subfield>
            <marc:subfield code="a">984-85</marc:subfield>
            <marc:subfield code="t">1</marc:subfield>
          </marc:datafield>
          <marc:datafield ind1="4" ind2="0" tag="863">
            <marc:subfield code="8">2.5170</marc:subfield>
            <marc:subfield code="a">983-984</marc:subfield>
            <marc:subfield code="t">1</marc:subfield>
          </marc:datafield>
          <marc:datafield ind1="4" ind2="0" tag="863">
            <marc:subfield code="8">2.5180</marc:subfield>
            <marc:subfield code="a">982-83</marc:subfield>
            <marc:subfield code="t">1</marc:subfield>
          </marc:datafield>
          <marc:datafield ind1="4" ind2="0" tag="863">
            <marc:subfield code="8">2.5190</marc:subfield>
            <marc:subfield code="a">981-82</marc:subfield>
            <marc:subfield code="t">1</marc:subfield>
          </marc:datafield>
          <marc:datafield ind1="4" ind2="0" tag="863">
            <marc:subfield code="8">2.5200</marc:subfield>
            <marc:subfield code="a">980-81</marc:subfield>
            <marc:subfield code="t">1</marc:subfield>
          </marc:datafield>
          <marc:datafield ind1="4" ind2="0" tag="863">
            <marc:subfield code="8">2.5210</marc:subfield>
            <marc:subfield code="a">979-80</marc:subfield>
            <marc:subfield code="t">1</marc:subfield>
          </marc:datafield>
          <marc:datafield ind1="4" ind2="0" tag="863">
            <marc:subfield code="8">2.5220</marc:subfield>
            <marc:subfield code="a">978-79</marc:subfield>
            <marc:subfield code="t">1</marc:subfield>
          </marc:datafield>
          <marc:datafield ind1="4" ind2="0" tag="863">
            <marc:subfield code="8">2.5225</marc:subfield>
            <marc:subfield code="a">977-78/Supp.</marc:subfield>
            <marc:subfield code="t">1</marc:subfield>
          </marc:datafield>
          <marc:datafield ind1="4" ind2="0" tag="863">
            <marc:subfield code="8">2.5230</marc:subfield>
            <marc:subfield code="a">977-978 &amp; supp.</marc:subfield>
            <marc:subfield code="t">1</marc:subfield>
          </marc:datafield>
          <marc:datafield ind1="4" ind2="0" tag="863">
            <marc:subfield code="8">2.5240</marc:subfield>
            <marc:subfield code="a">976-77</marc:subfield>
            <marc:subfield code="t">1</marc:subfield>
          </marc:datafield>
          <marc:datafield ind1="4" ind2="0" tag="863">
            <marc:subfield code="8">2.5250</marc:subfield>
            <marc:subfield code="a">975-76</marc:subfield>
            <marc:subfield code="t">1</marc:subfield>
          </marc:datafield>
          <marc:datafield ind1="4" ind2="0" tag="863">
            <marc:subfield code="8">2.5260</marc:subfield>
            <marc:subfield code="a">974-75</marc:subfield>
            <marc:subfield code="t">1</marc:subfield>
          </marc:datafield>
          <marc:datafield ind1="4" ind2="0" tag="863">
            <marc:subfield code="8">2.5270</marc:subfield>
            <marc:subfield code="a">973-74</marc:subfield>
            <marc:subfield code="t">1</marc:subfield>
          </marc:datafield>
        </marc:record>
      </metadata>
    </record>
    <record>
      <header>
        <identifier>oai:mst.rochester.edu:MetadataServicesToolkit/marcnormalization/481</identifier>
        <datestamp>2012-01-09T19:09:09Z</datestamp>
        <setSpec>MARCXMLholding</setSpec>
      </header>
      <metadata>
        <marc:record xmlns:marc="http://www.loc.gov/MARC21/slim" xmlns:xsi="http://www.w3.org/2001/XMLSchema-instance" xsi:schemaLocation="http://www.loc.gov/MARC21/slim http://localhost:8080/OAIToolkit/schema/MARC21slim_custom.xsd">
          <marc:leader>00510cy  a22001695  4500</marc:leader>
          <marc:controlfield tag="001">38835</marc:controlfield>
          <marc:controlfield tag="003">NIUdb</marc:controlfield>
          <marc:controlfield tag="004">33280</marc:controlfield>
          <marc:controlfield tag="005">20100209142555.0</marc:controlfield>
          <marc:controlfield tag="007">ta</marc:controlfield>
          <marc:controlfield tag="008">9909280u    0   0001uueng0990928</marc:controlfield>
          <marc:datafield ind1="0" ind2=" " tag="852">
            <marc:subfield code="b">fmlref</marc:subfield>
            <marc:subfield code="h">JK421</marc:subfield>
            <marc:subfield code="i">.A3</marc:subfield>
            <marc:subfield code="t">1</marc:subfield>
            <marc:subfield code="x">beginning with 2008-09 volume, Acq copy for GovPub cancelled (sck, 5-1-08);</marc:subfield>
            <marc:subfield code="z">Continues: United States Government organization manual</marc:subfield>
          </marc:datafield>
          <marc:datafield ind1="2" ind2="3" tag="853">
            <marc:subfield code="8">2</marc:subfield>
            <marc:subfield code="a">(yr.)</marc:subfield>
            <marc:subfield code="t">c.</marc:subfield>
          </marc:datafield>
          <marc:datafield ind1="4" ind2="0" tag="863">
            <marc:subfield code="8">2.4910</marc:subfield>
            <marc:subfield code="a">2009-10</marc:subfield>
            <marc:subfield code="t">1</marc:subfield>
          </marc:datafield>
          <marc:datafield ind1="4" ind2="0" tag="863">
            <marc:subfield code="8">2.4920</marc:subfield>
            <marc:subfield code="a">2008-09</marc:subfield>
            <marc:subfield code="t">1</marc:subfield>
          </marc:datafield>
          <marc:datafield ind1="4" ind2="0" tag="863">
            <marc:subfield code="8">2.4930</marc:subfield>
            <marc:subfield code="a">2007-08</marc:subfield>
            <marc:subfield code="t">1</marc:subfield>
          </marc:datafield>
          <marc:datafield ind1="4" ind2="0" tag="863">
            <marc:subfield code="8">2.4940</marc:subfield>
            <marc:subfield code="a">2006-07</marc:subfield>
            <marc:subfield code="t">1</marc:subfield>
          </marc:datafield>
        </marc:record>
      </metadata>
    </record>
    <record>
      <header>
        <identifier>oai:mst.rochester.edu:MetadataServicesToolkit/marcnormalization/482</identifier>
        <datestamp>2012-01-09T19:09:09Z</datestamp>
        <setSpec>MARCXMLholding</setSpec>
      </header>
      <metadata>
        <marc:record xmlns:marc="http://www.loc.gov/MARC21/slim" xmlns:xsi="http://www.w3.org/2001/XMLSchema-instance" xsi:schemaLocation="http://www.loc.gov/MARC21/slim http://localhost:8080/OAIToolkit/schema/MARC21slim_custom.xsd">
          <marc:leader>00188cy  a22000971  4500</marc:leader>
          <marc:controlfield tag="001">38836</marc:controlfield>
          <marc:controlfield tag="003">NIUdb</marc:controlfield>
          <marc:controlfield tag="004">33280</marc:controlfield>
          <marc:controlfield tag="005">20091203161520.0</marc:controlfield>
          <marc:controlfield tag="008">9910040u    0   0002uu   0991004</marc:controlfield>
          <marc:datafield ind1="3" ind2=" " tag="852">
            <marc:subfield code="b">fmlgpr</marc:subfield>
            <marc:subfield code="x">DEAD P.O.</marc:subfield>
          </marc:datafield>
        </marc:record>
      </metadata>
    </record>
    <record>
      <header>
        <identifier>oai:mst.rochester.edu:MetadataServicesToolkit/marcnormalization/483</identifier>
        <datestamp>2012-01-09T19:09:09Z</datestamp>
        <setSpec>MARCXMLholding</setSpec>
      </header>
      <metadata>
        <marc:record xmlns:marc="http://www.loc.gov/MARC21/slim" xmlns:xsi="http://www.w3.org/2001/XMLSchema-instance" xsi:schemaLocation="http://www.loc.gov/MARC21/slim http://localhost:8080/OAIToolkit/schema/MARC21slim_custom.xsd">
          <marc:leader>00328cy  a22001335  4500</marc:leader>
          <marc:controlfield tag="001">38838</marc:controlfield>
          <marc:controlfield tag="003">NIUdb</marc:controlfield>
          <marc:controlfield tag="004">33280</marc:controlfield>
          <marc:controlfield tag="005">20090722120040.0</marc:controlfield>
          <marc:controlfield tag="007">ta</marc:controlfield>
          <marc:controlfield tag="008">9808010u    0   0001uueng0980801</marc:controlfield>
          <marc:datafield ind1="0" ind2=" " tag="852">
            <marc:subfield code="b">hofher</marc:subfield>
            <marc:subfield code="h">JK421</marc:subfield>
            <marc:subfield code="i">.A3</marc:subfield>
            <marc:subfield code="t">1</marc:subfield>
            <marc:subfield code="z">Continues: United States Government organization manual</marc:subfield>
          </marc:datafield>
          <marc:datafield ind1="2" ind2="3" tag="853">
            <marc:subfield code="8">2</marc:subfield>
            <marc:subfield code="a">(yr.)</marc:subfield>
            <marc:subfield code="t">c.</marc:subfield>
          </marc:datafield>
          <marc:datafield ind1="4" ind2="0" tag="863">
            <marc:subfield code="8">2.5010</marc:subfield>
            <marc:subfield code="a">1999-00</marc:subfield>
            <marc:subfield code="t">1</marc:subfield>
          </marc:datafield>
        </marc:record>
      </metadata>
    </record>
    <record>
      <header>
        <identifier>oai:mst.rochester.edu:MetadataServicesToolkit/marcnormalization/484</identifier>
        <datestamp>2012-01-09T19:09:09Z</datestamp>
        <setSpec>MARCXMLholding</setSpec>
      </header>
      <metadata>
        <marc:record xmlns:marc="http://www.loc.gov/MARC21/slim" xmlns:xsi="http://www.w3.org/2001/XMLSchema-instance" xsi:schemaLocation="http://www.loc.gov/MARC21/slim http://localhost:8080/OAIToolkit/schema/MARC21slim_custom.xsd">
          <marc:leader>00887cy  a22003135  4500</marc:leader>
          <marc:controlfield tag="001">38839</marc:controlfield>
          <marc:controlfield tag="003">NIUdb</marc:controlfield>
          <marc:controlfield tag="004">33280</marc:controlfield>
          <marc:controlfield tag="005">20091209122623.0</marc:controlfield>
          <marc:controlfield tag="007">ta</marc:controlfield>
          <marc:controlfield tag="008">9808010u    0   0001uueng0980801</marc:controlfield>
          <marc:datafield ind1="3" ind2=" " tag="852">
            <marc:subfield code="b">LawDocC</marc:subfield>
            <marc:subfield code="k">LAW.</marc:subfield>
            <marc:subfield code="h">AE 2.108/2:</marc:subfield>
            <marc:subfield code="t">1</marc:subfield>
            <marc:subfield code="x">call number changed from GS4.109:</marc:subfield>
            <marc:subfield code="z">latest edition in reference, 1985-1993 in storage 4</marc:subfield>
          </marc:datafield>
          <marc:datafield ind1="2" ind2="3" tag="853">
            <marc:subfield code="8">1</marc:subfield>
            <marc:subfield code="a"/>
            <marc:subfield code="t">c.</marc:subfield>
          </marc:datafield>
          <marc:datafield ind1="4" ind2="0" tag="863">
            <marc:subfield code="8">1.4976</marc:subfield>
            <marc:subfield code="a">2008-09</marc:subfield>
            <marc:subfield code="t">1</marc:subfield>
          </marc:datafield>
          <marc:datafield ind1="4" ind2="0" tag="863">
            <marc:subfield code="8">1.4978</marc:subfield>
            <marc:subfield code="a">2007-08</marc:subfield>
            <marc:subfield code="t">1</marc:subfield>
          </marc:datafield>
          <marc:datafield ind1="4" ind2="0" tag="863">
            <marc:subfield code="8">1.4980</marc:subfield>
            <marc:subfield code="a">2006-07</marc:subfield>
            <marc:subfield code="t">1</marc:subfield>
          </marc:datafield>
          <marc:datafield ind1="4" ind2="0" tag="863">
            <marc:subfield code="8">1.4982</marc:subfield>
            <marc:subfield code="a">2005-06</marc:subfield>
            <marc:subfield code="t">1</marc:subfield>
          </marc:datafield>
          <marc:datafield ind1="4" ind2="0" tag="863">
            <marc:subfield code="8">1.4983</marc:subfield>
            <marc:subfield code="a">2004-05</marc:subfield>
            <marc:subfield code="t">1</marc:subfield>
          </marc:datafield>
          <marc:datafield ind1="4" ind2="0" tag="863">
            <marc:subfield code="8">1.4984</marc:subfield>
            <marc:subfield code="a">2003-04</marc:subfield>
            <marc:subfield code="t">1</marc:subfield>
          </marc:datafield>
          <marc:datafield ind1="4" ind2="0" tag="863">
            <marc:subfield code="8">1.4986</marc:subfield>
            <marc:subfield code="a">2002-03</marc:subfield>
            <marc:subfield code="t">1</marc:subfield>
          </marc:datafield>
          <marc:datafield ind1="4" ind2="0" tag="863">
            <marc:subfield code="8">1.4988</marc:subfield>
            <marc:subfield code="a">2001-02</marc:subfield>
            <marc:subfield code="t">1</marc:subfield>
          </marc:datafield>
          <marc:datafield ind1="4" ind2="0" tag="863">
            <marc:subfield code="8">1.4990</marc:subfield>
            <marc:subfield code="a">2000-01</marc:subfield>
            <marc:subfield code="t">1</marc:subfield>
          </marc:datafield>
          <marc:datafield ind1="4" ind2="0" tag="863">
            <marc:subfield code="8">1.4992</marc:subfield>
            <marc:subfield code="a">1999-00</marc:subfield>
            <marc:subfield code="t">1</marc:subfield>
          </marc:datafield>
          <marc:datafield ind1="4" ind2="0" tag="863">
            <marc:subfield code="8">1.4994</marc:subfield>
            <marc:subfield code="a">1998-99</marc:subfield>
            <marc:subfield code="t">1</marc:subfield>
          </marc:datafield>
          <marc:datafield ind1="4" ind2="0" tag="863">
            <marc:subfield code="8">1.4996</marc:subfield>
            <marc:subfield code="a">1997-98</marc:subfield>
            <marc:subfield code="t">1</marc:subfield>
          </marc:datafield>
          <marc:datafield ind1="4" ind2="0" tag="863">
            <marc:subfield code="8">1.4998</marc:subfield>
            <marc:subfield code="a">1996-97</marc:subfield>
            <marc:subfield code="t">1</marc:subfield>
          </marc:datafield>
          <marc:datafield ind1="4" ind2="0" tag="863">
            <marc:subfield code="8">1.5000</marc:subfield>
            <marc:subfield code="a">1995-96</marc:subfield>
            <marc:subfield code="t">1</marc:subfield>
          </marc:datafield>
          <marc:datafield ind1="4" ind2="0" tag="863">
            <marc:subfield code="8">1.5002</marc:subfield>
            <marc:subfield code="a">1994-95</marc:subfield>
            <marc:subfield code="t">1</marc:subfield>
          </marc:datafield>
          <marc:datafield ind1="4" ind2="0" tag="863">
            <marc:subfield code="8">1.5004</marc:subfield>
            <marc:subfield code="a">1993-94</marc:subfield>
            <marc:subfield code="t">1</marc:subfield>
          </marc:datafield>
        </marc:record>
      </metadata>
    </record>
    <record>
      <header>
        <identifier>oai:mst.rochester.edu:MetadataServicesToolkit/marcnormalization/485</identifier>
        <datestamp>2012-01-09T19:09:09Z</datestamp>
        <setSpec>MARCXMLholding</setSpec>
      </header>
      <metadata>
        <marc:record xmlns:marc="http://www.loc.gov/MARC21/slim" xmlns:xsi="http://www.w3.org/2001/XMLSchema-instance" xsi:schemaLocation="http://www.loc.gov/MARC21/slim http://localhost:8080/OAIToolkit/schema/MARC21slim_custom.xsd">
          <marc:leader>00307cy  a22001335  4500</marc:leader>
          <marc:controlfield tag="001">38840</marc:controlfield>
          <marc:controlfield tag="003">NIUdb</marc:controlfield>
          <marc:controlfield tag="004">33280</marc:controlfield>
          <marc:controlfield tag="005">20091209122457.0</marc:controlfield>
          <marc:controlfield tag="007">ta</marc:controlfield>
          <marc:controlfield tag="008">9808010u    0   0001uueng0980801</marc:controlfield>
          <marc:datafield ind1="3" ind2=" " tag="852">
            <marc:subfield code="b">LawRefDoc</marc:subfield>
            <marc:subfield code="k">LAW.</marc:subfield>
            <marc:subfield code="h">AE 2.108/2:</marc:subfield>
            <marc:subfield code="t">1</marc:subfield>
            <marc:subfield code="z">earlier editions in documents</marc:subfield>
          </marc:datafield>
          <marc:datafield ind1="2" ind2="3" tag="853">
            <marc:subfield code="8">1</marc:subfield>
            <marc:subfield code="a"/>
            <marc:subfield code="t">c.</marc:subfield>
          </marc:datafield>
          <marc:datafield ind1="4" ind2="0" tag="863">
            <marc:subfield code="8">1.5000</marc:subfield>
            <marc:subfield code="a">2009-10</marc:subfield>
            <marc:subfield code="t">1</marc:subfield>
          </marc:datafield>
        </marc:record>
      </metadata>
    </record>
    <record>
      <header>
        <identifier>oai:mst.rochester.edu:MetadataServicesToolkit/marcnormalization/486</identifier>
        <datestamp>2012-01-09T19:09:09Z</datestamp>
        <setSpec>MARCXMLholding</setSpec>
      </header>
      <metadata>
        <marc:record xmlns:marc="http://www.loc.gov/MARC21/slim" xmlns:xsi="http://www.w3.org/2001/XMLSchema-instance" xsi:schemaLocation="http://www.loc.gov/MARC21/slim http://localhost:8080/OAIToolkit/schema/MARC21slim_custom.xsd">
          <marc:leader>02022cy  a22006975  4500</marc:leader>
          <marc:controlfield tag="001">335339</marc:controlfield>
          <marc:controlfield tag="003">NIUdb</marc:controlfield>
          <marc:controlfield tag="004">291148</marc:controlfield>
          <marc:controlfield tag="005">20080423141840.0</marc:controlfield>
          <marc:controlfield tag="007">ta</marc:controlfield>
          <marc:controlfield tag="008">9808010u    0   0001uueng0980801</marc:controlfield>
          <marc:datafield ind1="3" ind2=" " tag="852">
            <marc:subfield code="b">LawSto</marc:subfield>
            <marc:subfield code="k">LAW.</marc:subfield>
            <marc:subfield code="h">GS 4.109:</marc:subfield>
            <marc:subfield code="t">1</marc:subfield>
            <marc:subfield code="x">all three 004 lines are ok</marc:subfield>
            <marc:subfield code="z">Call number change to AE2.108/2:, volumes in storage 4</marc:subfield>
          </marc:datafield>
          <marc:datafield ind1="2" ind2="3" tag="853">
            <marc:subfield code="8">1</marc:subfield>
            <marc:subfield code="a"/>
            <marc:subfield code="t">c.</marc:subfield>
          </marc:datafield>
          <marc:datafield ind1="4" ind2="0" tag="863">
            <marc:subfield code="8">1.5000</marc:subfield>
            <marc:subfield code="a">1984-85</marc:subfield>
            <marc:subfield code="t">1</marc:subfield>
          </marc:datafield>
          <marc:datafield ind1="4" ind2="0" tag="863">
            <marc:subfield code="8">1.5002</marc:subfield>
            <marc:subfield code="a">1983-84</marc:subfield>
            <marc:subfield code="t">1</marc:subfield>
          </marc:datafield>
          <marc:datafield ind1="4" ind2="0" tag="863">
            <marc:subfield code="8">1.5004</marc:subfield>
            <marc:subfield code="a">1982-83</marc:subfield>
            <marc:subfield code="t">1</marc:subfield>
          </marc:datafield>
          <marc:datafield ind1="4" ind2="0" tag="863">
            <marc:subfield code="8">1.5006</marc:subfield>
            <marc:subfield code="a">1981-82</marc:subfield>
            <marc:subfield code="t">1</marc:subfield>
          </marc:datafield>
          <marc:datafield ind1="4" ind2="0" tag="863">
            <marc:subfield code="8">1.5008</marc:subfield>
            <marc:subfield code="a">1980-81</marc:subfield>
            <marc:subfield code="t">1</marc:subfield>
          </marc:datafield>
          <marc:datafield ind1="4" ind2="0" tag="863">
            <marc:subfield code="8">1.5010</marc:subfield>
            <marc:subfield code="a">1979-80</marc:subfield>
            <marc:subfield code="t">1</marc:subfield>
          </marc:datafield>
          <marc:datafield ind1="4" ind2="0" tag="863">
            <marc:subfield code="8">1.5012</marc:subfield>
            <marc:subfield code="a">1978-79</marc:subfield>
            <marc:subfield code="t">1</marc:subfield>
          </marc:datafield>
          <marc:datafield ind1="4" ind2="0" tag="863">
            <marc:subfield code="8">1.5014</marc:subfield>
            <marc:subfield code="a">1977 SUPP.</marc:subfield>
            <marc:subfield code="t">1</marc:subfield>
          </marc:datafield>
          <marc:datafield ind1="4" ind2="0" tag="863">
            <marc:subfield code="8">1.5016</marc:subfield>
            <marc:subfield code="a">1977-78</marc:subfield>
            <marc:subfield code="t">1</marc:subfield>
          </marc:datafield>
          <marc:datafield ind1="4" ind2="0" tag="863">
            <marc:subfield code="8">1.5018</marc:subfield>
            <marc:subfield code="a">1976-77</marc:subfield>
            <marc:subfield code="t">1</marc:subfield>
          </marc:datafield>
          <marc:datafield ind1="4" ind2="0" tag="863">
            <marc:subfield code="8">1.5020</marc:subfield>
            <marc:subfield code="a">1975-76</marc:subfield>
            <marc:subfield code="t">1</marc:subfield>
          </marc:datafield>
          <marc:datafield ind1="4" ind2="0" tag="863">
            <marc:subfield code="8">1.5022</marc:subfield>
            <marc:subfield code="a">1974-75</marc:subfield>
            <marc:subfield code="t">1</marc:subfield>
          </marc:datafield>
          <marc:datafield ind1="4" ind2="0" tag="863">
            <marc:subfield code="8">1.5024</marc:subfield>
            <marc:subfield code="a">1973-74</marc:subfield>
            <marc:subfield code="t">1</marc:subfield>
          </marc:datafield>
          <marc:datafield ind1="4" ind2="0" tag="863">
            <marc:subfield code="8">1.5026</marc:subfield>
            <marc:subfield code="a">1972-73</marc:subfield>
            <marc:subfield code="t">1</marc:subfield>
          </marc:datafield>
          <marc:datafield ind1="4" ind2="0" tag="863">
            <marc:subfield code="8">1.5028</marc:subfield>
            <marc:subfield code="a">1971-72</marc:subfield>
            <marc:subfield code="t">1</marc:subfield>
          </marc:datafield>
          <marc:datafield ind1="4" ind2="0" tag="863">
            <marc:subfield code="8">1.5030</marc:subfield>
            <marc:subfield code="a">1970-71</marc:subfield>
            <marc:subfield code="t">1</marc:subfield>
          </marc:datafield>
          <marc:datafield ind1="4" ind2="0" tag="863">
            <marc:subfield code="8">1.5032</marc:subfield>
            <marc:subfield code="a">1969-70</marc:subfield>
            <marc:subfield code="t">1</marc:subfield>
          </marc:datafield>
          <marc:datafield ind1="4" ind2="0" tag="863">
            <marc:subfield code="8">1.5034</marc:subfield>
            <marc:subfield code="a">1968-69</marc:subfield>
            <marc:subfield code="t">1</marc:subfield>
          </marc:datafield>
          <marc:datafield ind1="4" ind2="0" tag="863">
            <marc:subfield code="8">1.5036</marc:subfield>
            <marc:subfield code="a">1967-68</marc:subfield>
            <marc:subfield code="t">1</marc:subfield>
          </marc:datafield>
          <marc:datafield ind1="4" ind2="0" tag="863">
            <marc:subfield code="8">1.5038</marc:subfield>
            <marc:subfield code="a">1966-67</marc:subfield>
            <marc:subfield code="t">1</marc:subfield>
          </marc:datafield>
          <marc:datafield ind1="4" ind2="0" tag="863">
            <marc:subfield code="8">1.5040</marc:subfield>
            <marc:subfield code="a">1965-66</marc:subfield>
            <marc:subfield code="t">1</marc:subfield>
          </marc:datafield>
          <marc:datafield ind1="4" ind2="0" tag="863">
            <marc:subfield code="8">1.5042</marc:subfield>
            <marc:subfield code="a">1964-65</marc:subfield>
            <marc:subfield code="t">1</marc:subfield>
          </marc:datafield>
          <marc:datafield ind1="4" ind2="0" tag="863">
            <marc:subfield code="8">1.5044</marc:subfield>
            <marc:subfield code="a">1963-64</marc:subfield>
            <marc:subfield code="t">1</marc:subfield>
          </marc:datafield>
          <marc:datafield ind1="4" ind2="0" tag="863">
            <marc:subfield code="8">1.5046</marc:subfield>
            <marc:subfield code="a">1962-63</marc:subfield>
            <marc:subfield code="t">1</marc:subfield>
          </marc:datafield>
          <marc:datafield ind1="4" ind2="0" tag="863">
            <marc:subfield code="8">1.5048</marc:subfield>
            <marc:subfield code="a">1961-62</marc:subfield>
            <marc:subfield code="t">1</marc:subfield>
          </marc:datafield>
          <marc:datafield ind1="4" ind2="0" tag="863">
            <marc:subfield code="8">1.5050</marc:subfield>
            <marc:subfield code="a">1960-61</marc:subfield>
            <marc:subfield code="t">1</marc:subfield>
          </marc:datafield>
          <marc:datafield ind1="4" ind2="0" tag="863">
            <marc:subfield code="8">1.5052</marc:subfield>
            <marc:subfield code="a">1959-60</marc:subfield>
            <marc:subfield code="t">1</marc:subfield>
          </marc:datafield>
          <marc:datafield ind1="4" ind2="0" tag="863">
            <marc:subfield code="8">1.5054</marc:subfield>
            <marc:subfield code="a">1958-59</marc:subfield>
            <marc:subfield code="t">1</marc:subfield>
          </marc:datafield>
          <marc:datafield ind1="4" ind2="0" tag="863">
            <marc:subfield code="8">1.5055</marc:subfield>
            <marc:subfield code="a">1957-58</marc:subfield>
            <marc:subfield code="t">1</marc:subfield>
          </marc:datafield>
          <marc:datafield ind1="4" ind2="0" tag="863">
            <marc:subfield code="8">1.5056</marc:subfield>
            <marc:subfield code="a">1956-57</marc:subfield>
            <marc:subfield code="t">1</marc:subfield>
          </marc:datafield>
          <marc:datafield ind1="4" ind2="0" tag="863">
            <marc:subfield code="8">1.5058</marc:subfield>
            <marc:subfield code="a">1955-56</marc:subfield>
            <marc:subfield code="t">1</marc:subfield>
          </marc:datafield>
          <marc:datafield ind1="4" ind2="0" tag="863">
            <marc:subfield code="8">1.5059</marc:subfield>
            <marc:subfield code="a">1954-55</marc:subfield>
            <marc:subfield code="t">1</marc:subfield>
          </marc:datafield>
          <marc:datafield ind1="4" ind2="0" tag="863">
            <marc:subfield code="8">1.5060</marc:subfield>
            <marc:subfield code="a">1953-54</marc:subfield>
            <marc:subfield code="t">1</marc:subfield>
          </marc:datafield>
          <marc:datafield ind1="4" ind2="0" tag="863">
            <marc:subfield code="8">1.5062</marc:subfield>
            <marc:subfield code="a">1951-52</marc:subfield>
            <marc:subfield code="t">1</marc:subfield>
          </marc:datafield>
          <marc:datafield ind1="4" ind2="0" tag="863">
            <marc:subfield code="8">1.5064</marc:subfield>
            <marc:subfield code="a">1948</marc:subfield>
            <marc:subfield code="t">1</marc:subfield>
          </marc:datafield>
          <marc:datafield ind1="4" ind2="0" tag="863">
            <marc:subfield code="8">1.5066</marc:subfield>
            <marc:subfield code="a">1947</marc:subfield>
            <marc:subfield code="t">1</marc:subfield>
          </marc:datafield>
          <marc:datafield ind1="4" ind2="0" tag="863">
            <marc:subfield code="8">1.5068</marc:subfield>
            <marc:subfield code="a">1946</marc:subfield>
            <marc:subfield code="t">1</marc:subfield>
          </marc:datafield>
          <marc:datafield ind1="4" ind2="0" tag="863">
            <marc:subfield code="8">1.5070</marc:subfield>
            <marc:subfield code="a">1945</marc:subfield>
            <marc:subfield code="t">1</marc:subfield>
          </marc:datafield>
          <marc:datafield ind1="4" ind2="0" tag="863">
            <marc:subfield code="8">1.5072</marc:subfield>
            <marc:subfield code="a">1944 SUMMER</marc:subfield>
            <marc:subfield code="t">1</marc:subfield>
          </marc:datafield>
          <marc:datafield ind1="4" ind2="0" tag="863">
            <marc:subfield code="8">1.5074</marc:subfield>
            <marc:subfield code="a">1943 SUMMER</marc:subfield>
            <marc:subfield code="t">1</marc:subfield>
          </marc:datafield>
          <marc:datafield ind1="4" ind2="0" tag="863">
            <marc:subfield code="8">1.5076</marc:subfield>
            <marc:subfield code="a">1943-44 WINTER</marc:subfield>
            <marc:subfield code="t">1</marc:subfield>
          </marc:datafield>
          <marc:datafield ind1="4" ind2="0" tag="863">
            <marc:subfield code="8">1.5078</marc:subfield>
            <marc:subfield code="a">1942 SPRING</marc:subfield>
            <marc:subfield code="t">1</marc:subfield>
          </marc:datafield>
          <marc:datafield ind1="4" ind2="0" tag="863">
            <marc:subfield code="8">1.5080</marc:subfield>
            <marc:subfield code="a">1942 FALL</marc:subfield>
            <marc:subfield code="t">1</marc:subfield>
          </marc:datafield>
          <marc:datafield ind1="4" ind2="0" tag="863">
            <marc:subfield code="8">1.5082</marc:subfield>
            <marc:subfield code="a">1941 SEPT</marc:subfield>
            <marc:subfield code="t">1</marc:subfield>
          </marc:datafield>
          <marc:datafield ind1="4" ind2="0" tag="863">
            <marc:subfield code="8">1.5084</marc:subfield>
            <marc:subfield code="a">1940 JULY</marc:subfield>
            <marc:subfield code="t">1</marc:subfield>
          </marc:datafield>
          <marc:datafield ind1="4" ind2="0" tag="863">
            <marc:subfield code="8">1.5086</marc:subfield>
            <marc:subfield code="a">1940 FEB</marc:subfield>
            <marc:subfield code="t">1</marc:subfield>
          </marc:datafield>
          <marc:datafield ind1="4" ind2="0" tag="863">
            <marc:subfield code="8">1.5088</marc:subfield>
            <marc:subfield code="a">1940 FALL</marc:subfield>
            <marc:subfield code="t">1</marc:subfield>
          </marc:datafield>
          <marc:datafield ind1="4" ind2="0" tag="863">
            <marc:subfield code="8">1.5090</marc:subfield>
            <marc:subfield code="a">1939 OCT</marc:subfield>
            <marc:subfield code="t">1</marc:subfield>
          </marc:datafield>
        </marc:record>
      </metadata>
    </record>
    <record>
      <header>
        <identifier>oai:mst.rochester.edu:MetadataServicesToolkit/marcnormalization/487</identifier>
        <datestamp>2012-01-09T19:09:09Z</datestamp>
        <setSpec>MARCXMLholding</setSpec>
      </header>
      <metadata>
        <marc:record xmlns:marc="http://www.loc.gov/MARC21/slim" xmlns:xsi="http://www.w3.org/2001/XMLSchema-instance" xsi:schemaLocation="http://www.loc.gov/MARC21/slim http://localhost:8080/OAIToolkit/schema/MARC21slim_custom.xsd">
          <marc:leader>00642cy  a22002295  4500</marc:leader>
          <marc:controlfield tag="001">1635643</marc:controlfield>
          <marc:controlfield tag="003">NIUdb</marc:controlfield>
          <marc:controlfield tag="004">33280</marc:controlfield>
          <marc:controlfield tag="005">20080423142022.0</marc:controlfield>
          <marc:controlfield tag="007">ta</marc:controlfield>
          <marc:controlfield tag="008">0406160u    0   0001uueng0980801</marc:controlfield>
          <marc:datafield ind1="3" ind2=" " tag="852">
            <marc:subfield code="b">LawSto</marc:subfield>
            <marc:subfield code="k">LAW.</marc:subfield>
            <marc:subfield code="h">AE 2.108/2:</marc:subfield>
            <marc:subfield code="t">1</marc:subfield>
            <marc:subfield code="x">call number changed from GS4.109:</marc:subfield>
            <marc:subfield code="z">latest edition in reference,1994+ in Law Documents</marc:subfield>
          </marc:datafield>
          <marc:datafield ind1="2" ind2="3" tag="853">
            <marc:subfield code="8">1</marc:subfield>
            <marc:subfield code="a"/>
            <marc:subfield code="t">c.</marc:subfield>
          </marc:datafield>
          <marc:datafield ind1="4" ind2="0" tag="863">
            <marc:subfield code="8">1.5004</marc:subfield>
            <marc:subfield code="a">1993-94</marc:subfield>
            <marc:subfield code="t">1</marc:subfield>
          </marc:datafield>
          <marc:datafield ind1="4" ind2="0" tag="863">
            <marc:subfield code="8">1.5006</marc:subfield>
            <marc:subfield code="a">1992-93</marc:subfield>
            <marc:subfield code="t">1</marc:subfield>
          </marc:datafield>
          <marc:datafield ind1="4" ind2="0" tag="863">
            <marc:subfield code="8">1.5008</marc:subfield>
            <marc:subfield code="a">1991-92</marc:subfield>
            <marc:subfield code="t">1</marc:subfield>
          </marc:datafield>
          <marc:datafield ind1="4" ind2="0" tag="863">
            <marc:subfield code="8">1.5010</marc:subfield>
            <marc:subfield code="a">1990-91</marc:subfield>
            <marc:subfield code="t">1</marc:subfield>
          </marc:datafield>
          <marc:datafield ind1="4" ind2="0" tag="863">
            <marc:subfield code="8">1.5012</marc:subfield>
            <marc:subfield code="a">1989-90</marc:subfield>
            <marc:subfield code="t">1</marc:subfield>
          </marc:datafield>
          <marc:datafield ind1="4" ind2="0" tag="863">
            <marc:subfield code="8">1.5014</marc:subfield>
            <marc:subfield code="a">1988-89</marc:subfield>
            <marc:subfield code="t">1</marc:subfield>
          </marc:datafield>
          <marc:datafield ind1="4" ind2="0" tag="863">
            <marc:subfield code="8">1.5016</marc:subfield>
            <marc:subfield code="a">1987-88</marc:subfield>
            <marc:subfield code="t">1</marc:subfield>
          </marc:datafield>
          <marc:datafield ind1="4" ind2="0" tag="863">
            <marc:subfield code="8">1.5018</marc:subfield>
            <marc:subfield code="a">1986-87</marc:subfield>
            <marc:subfield code="t">1</marc:subfield>
          </marc:datafield>
          <marc:datafield ind1="4" ind2="0" tag="863">
            <marc:subfield code="8">1.5020</marc:subfield>
            <marc:subfield code="a">1985-86</marc:subfield>
            <marc:subfield code="t">1</marc:subfield>
          </marc:datafield>
        </marc:record>
      </metadata>
    </record>
    <record>
      <header>
        <identifier>oai:mst.rochester.edu:MetadataServicesToolkit/marcnormalization/488</identifier>
        <datestamp>2012-01-09T19:09:09Z</datestamp>
        <setSpec>MARCXMLholding</setSpec>
      </header>
      <metadata>
        <marc:record xmlns:marc="http://www.loc.gov/MARC21/slim" xmlns:xsi="http://www.w3.org/2001/XMLSchema-instance" xsi:schemaLocation="http://www.loc.gov/MARC21/slim http://localhost:8080/OAIToolkit/schema/MARC21slim_custom.xsd">
          <marc:leader>00470cy  a22001815  4500</marc:leader>
          <marc:controlfield tag="001">1639329</marc:controlfield>
          <marc:controlfield tag="003">NIUdb</marc:controlfield>
          <marc:controlfield tag="004">33280</marc:controlfield>
          <marc:controlfield tag="005">20090722120106.0</marc:controlfield>
          <marc:controlfield tag="007">ta</marc:controlfield>
          <marc:controlfield tag="008">0407270u    0   0002uueng1980801</marc:controlfield>
          <marc:datafield ind1="0" ind2=" " tag="852">
            <marc:subfield code="b">fmlstx</marc:subfield>
            <marc:subfield code="h">JK421</marc:subfield>
            <marc:subfield code="i">.A3</marc:subfield>
            <marc:subfield code="t">1</marc:subfield>
            <marc:subfield code="z">Continues: United States Government organization manual</marc:subfield>
          </marc:datafield>
          <marc:datafield ind1="2" ind2="3" tag="853">
            <marc:subfield code="8">2</marc:subfield>
            <marc:subfield code="a">(yr.)</marc:subfield>
            <marc:subfield code="t">c.</marc:subfield>
          </marc:datafield>
          <marc:datafield ind1="4" ind2="0" tag="863">
            <marc:subfield code="8">2.4950</marc:subfield>
            <marc:subfield code="a">2005-06</marc:subfield>
            <marc:subfield code="t">1</marc:subfield>
          </marc:datafield>
          <marc:datafield ind1="4" ind2="0" tag="863">
            <marc:subfield code="8">2.4960</marc:subfield>
            <marc:subfield code="a">2004-05</marc:subfield>
            <marc:subfield code="t">1</marc:subfield>
          </marc:datafield>
          <marc:datafield ind1="4" ind2="0" tag="863">
            <marc:subfield code="8">2.4970</marc:subfield>
            <marc:subfield code="a">2003-04</marc:subfield>
            <marc:subfield code="t">1</marc:subfield>
          </marc:datafield>
          <marc:datafield ind1="4" ind2="0" tag="863">
            <marc:subfield code="8">2.4980</marc:subfield>
            <marc:subfield code="a">2002-03</marc:subfield>
            <marc:subfield code="t">1</marc:subfield>
          </marc:datafield>
          <marc:datafield ind1="4" ind2="0" tag="863">
            <marc:subfield code="8">2.4990</marc:subfield>
            <marc:subfield code="a">2001-02</marc:subfield>
            <marc:subfield code="t">1</marc:subfield>
          </marc:datafield>
        </marc:record>
      </metadata>
    </record>