
    <record>
      <header>
        <identifier>oai:mst.rochester.edu:MetadataServicesToolkit/marcnormalization/514</identifier>
        <datestamp>2012-01-09T19:09:09Z</datestamp>
        <setSpec>MARCXMLbibliographic</setSpec>
      </header>
      <metadata>
        <marc:record xmlns:marc="http://www.loc.gov/MARC21/slim" xmlns:xsi="http://www.w3.org/2001/XMLSchema-instance" xsi:schemaLocation="http://www.loc.gov/MARC21/slim http://localhost:8080/OAIToolkit/schema/MARC21slim_custom.xsd">
          <marc:leader>02631cam a2200445 a 4500</marc:leader>
          <marc:controlfield tag="001">2075258</marc:controlfield>
          <marc:controlfield tag="003">SICdb</marc:controlfield>
          <marc:controlfield tag="005">20100521115951.0</marc:controlfield>
          <marc:controlfield tag="008">081114s2009    nyua     bf   001 0 eng  </marc:controlfield>
          <marc:datafield ind1=" " ind2=" " tag="010">
            <marc:subfield code="a">  2008047484</marc:subfield>
          </marc:datafield>
          <marc:datafield ind1=" " ind2=" " tag="020">
            <marc:subfield code="a">9781603290241 (pbk. : alk. paper)</marc:subfield>
          </marc:datafield>
          <marc:datafield ind1=" " ind2=" " tag="020">
            <marc:subfield code="a">1603290249 (pbk. : alk. paper)</marc:subfield>
          </marc:datafield>
          <marc:datafield ind1=" " ind2=" " tag="020">
            <marc:subfield code="a">9781603290258 (large print : pbk. : alk. paper)</marc:subfield>
          </marc:datafield>
          <marc:datafield ind1=" " ind2=" " tag="020">
            <marc:subfield code="a">1603290257 (large print : pbk. : alk. paper)</marc:subfield>
          </marc:datafield>
          <marc:datafield ind1="1" ind2=" " tag="029">
            <marc:subfield code="a">CDX</marc:subfield>
            <marc:subfield code="b">9189181</marc:subfield>
          </marc:datafield>
          <marc:datafield ind1="1" ind2=" " tag="029">
            <marc:subfield code="a">IG#</marc:subfield>
            <marc:subfield code="b">9781603290241</marc:subfield>
          </marc:datafield>
          <marc:datafield ind1="1" ind2=" " tag="029">
            <marc:subfield code="a">AU@</marc:subfield>
            <marc:subfield code="b">000043629698</marc:subfield>
          </marc:datafield>
          <marc:datafield ind1="1" ind2=" " tag="029">
            <marc:subfield code="a">NLGGC</marc:subfield>
            <marc:subfield code="b">317886487</marc:subfield>
          </marc:datafield>
          <marc:datafield ind1="1" ind2=" " tag="029">
            <marc:subfield code="a">NZ1</marc:subfield>
            <marc:subfield code="b">12875417</marc:subfield>
          </marc:datafield>
          <marc:datafield ind1=" " ind2=" " tag="035">
            <marc:subfield code="a">(OCoLC)276228865</marc:subfield>
          </marc:datafield>
          <marc:datafield ind1=" " ind2=" " tag="040">
            <marc:subfield code="a">DLC</marc:subfield>
            <marc:subfield code="c">DLC</marc:subfield>
            <marc:subfield code="d">BTCTA</marc:subfield>
            <marc:subfield code="d">YDXCP</marc:subfield>
            <marc:subfield code="d">C#P</marc:subfield>
            <marc:subfield code="d">CDX</marc:subfield>
            <marc:subfield code="d">PBR</marc:subfield>
            <marc:subfield code="d">IG#</marc:subfield>
            <marc:subfield code="d">NNG</marc:subfield>
            <marc:subfield code="d">LMR</marc:subfield>
            <marc:subfield code="d">GK5</marc:subfield>
            <marc:subfield code="d">CRH</marc:subfield>
            <marc:subfield code="d">NLGGC</marc:subfield>
            <marc:subfield code="d">OKJ</marc:subfield>
            <marc:subfield code="d">TEX</marc:subfield>
            <marc:subfield code="d">EDK</marc:subfield>
          </marc:datafield>
          <marc:datafield ind1=" " ind2=" " tag="049">
            <marc:subfield code="a">SOII</marc:subfield>
          </marc:datafield>
          <marc:datafield ind1="0" ind2="0" tag="050">
            <marc:subfield code="a">LB2369</marc:subfield>
            <marc:subfield code="b">.G53 2009</marc:subfield>
          </marc:datafield>
          <marc:datafield ind1="0" ind2="0" tag="082">
            <marc:subfield code="a">808/.027</marc:subfield>
            <marc:subfield code="2">22</marc:subfield>
          </marc:datafield>
          <marc:datafield ind1=" " ind2=" " tag="084">
            <marc:subfield code="a">02.13</marc:subfield>
            <marc:subfield code="2">bcl</marc:subfield>
          </marc:datafield>
          <marc:datafield ind1="0" ind2="0" tag="245">
            <marc:subfield code="a">MLA handbook for writers of research papers.</marc:subfield>
          </marc:datafield>
          <marc:datafield ind1="3" ind2="0" tag="246">
            <marc:subfield code="a">Handbook for writers of research papers</marc:subfield>
          </marc:datafield>
          <marc:datafield ind1=" " ind2=" " tag="250">
            <marc:subfield code="a">7th ed.</marc:subfield>
          </marc:datafield>
          <marc:datafield ind1=" " ind2=" " tag="260">
            <marc:subfield code="a">New York :</marc:subfield>
            <marc:subfield code="b">Modern Language Association of America,</marc:subfield>
            <marc:subfield code="c">2009.</marc:subfield>
          </marc:datafield>
          <marc:datafield ind1=" " ind2=" " tag="300">
            <marc:subfield code="a">xxi, 292 p. :</marc:subfield>
            <marc:subfield code="b">ill. ;</marc:subfield>
            <marc:subfield code="c">23 cm.</marc:subfield>
          </marc:datafield>
          <marc:datafield ind1=" " ind2=" " tag="500">
            <marc:subfield code="a">Prev. ed. entered under: Gibaldi, Joseph, 1942-</marc:subfield>
          </marc:datafield>
          <marc:datafield ind1=" " ind2=" " tag="504">
            <marc:subfield code="a">Includes bibliographical references (p. 258-260) and index.</marc:subfield>
          </marc:datafield>
          <marc:datafield ind1="0" ind2=" " tag="505">
            <marc:subfield code="a">Foreword / Rosemary G. Feal -- Preface / David G. Nicholls -- Note on the Web component -- Research and writing -- Plagiarism and academic integrity -- The mechanics of writing -- The format of the research paper -- Documentation : preparing the list of works cited -- Documentation : citing sources in the text -- Abbreviations -- Appendices. A. Guides to writing -- B. Specialized style manuals.</marc:subfield>
          </marc:datafield>
          <marc:datafield ind1=" " ind2=" " tag="520">
            <marc:subfield code="a">From the Publisher: "The MLA Handbook is published by the Modern Language Association, the authority on MLA documentation style.  Widely adopted in high schools, colleges, and publishing houses, the MLA Handbook treats every aspect of research writing, from selecting a topic to submitting the completed paper.  The seventh edition is a comprehensive, up-to-date guide to research and writing in the online environment.  It provides an authoritative account of MLA documentation style for use in student writing, including simplified guidelines for citing works published on the Web and new recommendations for citing several kinds of works, such as digital files and graphic narratives."</marc:subfield>
          </marc:datafield>
          <marc:datafield ind1=" " ind2="0" tag="650">
            <marc:subfield code="a">Report writing</marc:subfield>
            <marc:subfield code="v">Handbooks, manuals, etc.</marc:subfield>
          </marc:datafield>
          <marc:datafield ind1=" " ind2="0" tag="650">
            <marc:subfield code="a">Research</marc:subfield>
            <marc:subfield code="v">Handbooks, manuals, etc.</marc:subfield>
          </marc:datafield>
          <marc:datafield ind1="1" ind2=" " tag="700">
            <marc:subfield code="a">Gibaldi, Joseph,</marc:subfield>
            <marc:subfield code="d">1942-</marc:subfield>
            <marc:subfield code="t">MLA handbook for writers of research papers.</marc:subfield>
          </marc:datafield>
          <marc:datafield ind1="2" ind2=" " tag="710">
            <marc:subfield code="a">Modern Language Association of America.</marc:subfield>
          </marc:datafield>
          <marc:datafield ind1=" " ind2=" " tag="994">
            <marc:subfield code="a">C0</marc:subfield>
            <marc:subfield code="b">SOI</marc:subfield>
          </marc:datafield>
          <marc:datafield tag="931" ind1=" " ind2=" ">
            <marc:subfield code="a">Text</marc:subfield>
            <marc:subfield code="5">UIUdb</marc:subfield>
          </marc:datafield>
          <marc:datafield tag="932" ind1=" " ind2=" ">
            <marc:subfield code="a">Language material</marc:subfield>
            <marc:subfield code="5">UIUdb</marc:subfield>
          </marc:datafield>
          <marc:datafield tag="933" ind1=" " ind2=" ">
            <marc:subfield code="a">Text</marc:subfield>
            <marc:subfield code="5">UIUdb</marc:subfield>
          </marc:datafield>
          <marc:datafield tag="935" ind1=" " ind2=" ">
            <marc:subfield code="a">Monograph/Item</marc:subfield>
            <marc:subfield code="5">UIUdb</marc:subfield>
          </marc:datafield>
          <marc:datafield tag="937" ind1=" " ind2=" ">
            <marc:subfield code="a">Non-Fiction</marc:subfield>
            <marc:subfield code="5">UIUdb</marc:subfield>
          </marc:datafield>
          <marc:datafield tag="941" ind1=" " ind2=" ">
            <marc:subfield code="a">eng</marc:subfield>
            <marc:subfield code="5">UIUdb</marc:subfield>
          </marc:datafield>
          <marc:datafield tag="943" ind1=" " ind2=" ">
            <marc:subfield code="a">English</marc:subfield>
            <marc:subfield code="5">UIUdb</marc:subfield>
          </marc:datafield>
          <marc:datafield tag="947" ind1=" " ind2=" ">
            <marc:subfield code="a">9781603290241 </marc:subfield>
            <marc:subfield code="5">UIUdb</marc:subfield>
          </marc:datafield>
          <marc:datafield tag="947" ind1=" " ind2=" ">
            <marc:subfield code="a">1603290249 </marc:subfield>
            <marc:subfield code="5">UIUdb</marc:subfield>
          </marc:datafield>
          <marc:datafield tag="947" ind1=" " ind2=" ">
            <marc:subfield code="a">9781603290258 </marc:subfield>
            <marc:subfield code="5">UIUdb</marc:subfield>
          </marc:datafield>
          <marc:datafield tag="947" ind1=" " ind2=" ">
            <marc:subfield code="a">1603290257 </marc:subfield>
            <marc:subfield code="5">UIUdb</marc:subfield>
          </marc:datafield>
          <marc:datafield tag="130" ind1="0" ind2=" ">
            <marc:subfield code="a">MLA handbook for writers of research papers.</marc:subfield>
          </marc:datafield>
          <marc:datafield tag="965" ind1=" " ind2="0">
            <marc:subfield code="a">Report writing</marc:subfield>
            <marc:subfield code="5">UIUdb</marc:subfield>
          </marc:datafield>
          <marc:datafield tag="965" ind1=" " ind2="0">
            <marc:subfield code="a">Research</marc:subfield>
            <marc:subfield code="5">UIUdb</marc:subfield>
          </marc:datafield>
          <marc:datafield tag="969" ind1=" " ind2="0">
            <marc:subfield code="v">Handbooks, manuals, etc.</marc:subfield>
            <marc:subfield code="5">UIUdb</marc:subfield>
          </marc:datafield>
        </marc:record>
      </metadata>
    </record>
    <record>
      <header>
        <identifier>oai:mst.rochester.edu:MetadataServicesToolkit/marcnormalization/515</identifier>
        <datestamp>2012-01-09T19:09:09Z</datestamp>
        <setSpec>MARCXMLholding</setSpec>
      </header>
      <metadata>
        <marc:record xmlns:marc="http://www.loc.gov/MARC21/slim" xmlns:xsi="http://www.w3.org/2001/XMLSchema-instance" xsi:schemaLocation="http://www.loc.gov/MARC21/slim http://localhost:8080/OAIToolkit/schema/MARC21slim_custom.xsd">
          <marc:leader>00197cx  a22000974  4500</marc:leader>
          <marc:controlfield tag="001">2350062</marc:controlfield>
          <marc:controlfield tag="003">SICdb</marc:controlfield>
          <marc:controlfield tag="004">2075258</marc:controlfield>
          <marc:controlfield tag="005">20090929133912.0</marc:controlfield>
          <marc:controlfield tag="008">0909100p    8   1001uu   0000000</marc:controlfield>
          <marc:datafield ind1="0" ind2=" " tag="852">
            <marc:subfield code="b">ref</marc:subfield>
            <marc:subfield code="h">LB2369</marc:subfield>
            <marc:subfield code="i">.G53 2009</marc:subfield>
          </marc:datafield>
        </marc:record>
      </metadata>
    </record>
    <record>
      <header>
        <identifier>oai:mst.rochester.edu:MetadataServicesToolkit/marcnormalization/516</identifier>
        <datestamp>2012-01-09T19:09:09Z</datestamp>
        <setSpec>MARCXMLholding</setSpec>
      </header>
      <metadata>
        <marc:record xmlns:marc="http://www.loc.gov/MARC21/slim" xmlns:xsi="http://www.w3.org/2001/XMLSchema-instance" xsi:schemaLocation="http://www.loc.gov/MARC21/slim http://localhost:8080/OAIToolkit/schema/MARC21slim_custom.xsd">
          <marc:leader>00198cx  a22000974  4500</marc:leader>
          <marc:controlfield tag="001">2442503</marc:controlfield>
          <marc:controlfield tag="003">SICdb</marc:controlfield>
          <marc:controlfield tag="004">2075258</marc:controlfield>
          <marc:controlfield tag="005">20100521120116.0</marc:controlfield>
          <marc:controlfield tag="008">1005120p    8   1001uu   0000000</marc:controlfield>
          <marc:datafield ind1="0" ind2=" " tag="852">
            <marc:subfield code="b">refo</marc:subfield>
            <marc:subfield code="h">LB2369</marc:subfield>
            <marc:subfield code="i">.G53 2009</marc:subfield>
          </marc:datafield>
        </marc:record>
      </metadata>
    </record>
    <record>
      <header>
        <identifier>oai:mst.rochester.edu:MetadataServicesToolkit/marcnormalization/517</identifier>
        <datestamp>2012-01-09T19:09:09Z</datestamp>
        <setSpec>MARCXMLholding</setSpec>
      </header>
      <metadata>
        <marc:record xmlns:marc="http://www.loc.gov/MARC21/slim" xmlns:xsi="http://www.w3.org/2001/XMLSchema-instance" xsi:schemaLocation="http://www.loc.gov/MARC21/slim http://localhost:8080/OAIToolkit/schema/MARC21slim_custom.xsd">
          <marc:leader>00200nx  a22000974  4500</marc:leader>
          <marc:controlfield tag="001">2447299</marc:controlfield>
          <marc:controlfield tag="003">SICdb</marc:controlfield>
          <marc:controlfield tag="004">2075258</marc:controlfield>
          <marc:controlfield tag="005">20100607113621.0</marc:controlfield>
          <marc:controlfield tag="008">1006074u    8   1001uueng0901128</marc:controlfield>
          <marc:datafield ind1="0" ind2=" " tag="852">
            <marc:subfield code="b">ref</marc:subfield>
            <marc:subfield code="h">LB2369</marc:subfield>
            <marc:subfield code="i">.G53 2009</marc:subfield>
            <marc:subfield code="t">2</marc:subfield>
          </marc:datafield>
        </marc:record>
      </metadata>
    </record>
    <record>
      <header>
        <identifier>oai:mst.rochester.edu:MetadataServicesToolkit/marcnormalization/518</identifier>
        <datestamp>2012-01-09T19:09:09Z</datestamp>
        <setSpec>MARCXMLholding</setSpec>
      </header>
      <metadata>
        <marc:record xmlns:marc="http://www.loc.gov/MARC21/slim" xmlns:xsi="http://www.w3.org/2001/XMLSchema-instance" xsi:schemaLocation="http://www.loc.gov/MARC21/slim http://localhost:8080/OAIToolkit/schema/MARC21slim_custom.xsd">
          <marc:leader>00197nx  a22000974  4500</marc:leader>
          <marc:controlfield tag="001">2447301</marc:controlfield>
          <marc:controlfield tag="003">SICdb</marc:controlfield>
          <marc:controlfield tag="004">2075258</marc:controlfield>
          <marc:controlfield tag="005">20100607113744.0</marc:controlfield>
          <marc:controlfield tag="008">1006074u    8   1001uueng0901128</marc:controlfield>
          <marc:datafield ind1="0" ind2=" " tag="852">
            <marc:subfield code="b">lcx</marc:subfield>
            <marc:subfield code="h">LB2369</marc:subfield>
            <marc:subfield code="i">.G53 2009</marc:subfield>
          </marc:datafield>
        </marc:record>
      </metadata>
    </record>
    <record>
      <header>
        <identifier>oai:mst.rochester.edu:MetadataServicesToolkit/marcnormalization/519</identifier>
        <datestamp>2012-01-09T19:09:09Z</datestamp>
        <setSpec>MARCXMLholding</setSpec>
      </header>
      <metadata>
        <marc:record xmlns:marc="http://www.loc.gov/MARC21/slim" xmlns:xsi="http://www.w3.org/2001/XMLSchema-instance" xsi:schemaLocation="http://www.loc.gov/MARC21/slim http://localhost:8080/OAIToolkit/schema/MARC21slim_custom.xsd">
          <marc:leader>00200nx  a22000974  4500</marc:leader>
          <marc:controlfield tag="001">2454493</marc:controlfield>
          <marc:controlfield tag="003">SICdb</marc:controlfield>
          <marc:controlfield tag="004">2075258</marc:controlfield>
          <marc:controlfield tag="005">20100719112255.0</marc:controlfield>
          <marc:controlfield tag="008">1007194u    8   1001uueng0901128</marc:controlfield>
          <marc:datafield ind1="0" ind2=" " tag="852">
            <marc:subfield code="b">ref</marc:subfield>
            <marc:subfield code="h">LB2369</marc:subfield>
            <marc:subfield code="i">.G53 2009</marc:subfield>
            <marc:subfield code="t">3</marc:subfield>
          </marc:datafield>
        </marc:record>
      </metadata>
    </record>