
    <record>
      <header>
        <identifier>oai:mst.rochester.edu:MetadataServicesToolkit/marcnormalization/534</identifier>
        <datestamp>2012-01-09T19:09:09Z</datestamp>
        <setSpec>MARCXMLbibliographic</setSpec>
      </header>
      <metadata>
        <marc:record xmlns:marc="http://www.loc.gov/MARC21/slim" xmlns:xsi="http://www.w3.org/2001/XMLSchema-instance" xsi:schemaLocation="http://www.loc.gov/MARC21/slim http://localhost:8080/OAIToolkit/schema/MARC21slim_custom.xsd">
          <marc:leader>01616cam a22004093a 4500</marc:leader>
          <marc:controlfield tag="001">2434995</marc:controlfield>
          <marc:controlfield tag="003">UICdb</marc:controlfield>
          <marc:controlfield tag="005">20110228210735.0</marc:controlfield>
          <marc:controlfield tag="006">m        d        </marc:controlfield>
          <marc:controlfield tag="007">cr||n|||||||||</marc:controlfield>
          <marc:controlfield tag="008">080917s2009    nyua    sb    001 0 eng d</marc:controlfield>
          <marc:datafield ind1=" " ind2=" " tag="020">
            <marc:subfield code="a">0387402934 (cloth)</marc:subfield>
          </marc:datafield>
          <marc:datafield ind1=" " ind2=" " tag="020">
            <marc:subfield code="a">0387684360 (ebook)</marc:subfield>
          </marc:datafield>
          <marc:datafield ind1=" " ind2=" " tag="020">
            <marc:subfield code="a">9780387402932 (cloth)</marc:subfield>
          </marc:datafield>
          <marc:datafield ind1=" " ind2=" " tag="020">
            <marc:subfield code="a">9780387684369 (ebook)</marc:subfield>
          </marc:datafield>
          <marc:datafield ind1=" " ind2=" " tag="035">
            <marc:subfield code="a">(CaONFJC)cis10957589</marc:subfield>
          </marc:datafield>
          <marc:datafield ind1=" " ind2=" " tag="035">
            <marc:subfield code="a">2434995</marc:subfield>
          </marc:datafield>
          <marc:datafield ind1=" " ind2=" " tag="037">
            <marc:subfield code="a">192686</marc:subfield>
            <marc:subfield code="b">MIL</marc:subfield>
          </marc:datafield>
          <marc:datafield ind1=" " ind2=" " tag="040">
            <marc:subfield code="a">CaONFJC</marc:subfield>
            <marc:subfield code="c">CaONFJC</marc:subfield>
          </marc:datafield>
          <marc:datafield ind1=" " ind2="4" tag="050">
            <marc:subfield code="a">QA10.3</marc:subfield>
            <marc:subfield code="b">.G58 2009eb</marc:subfield>
          </marc:datafield>
          <marc:datafield ind1="0" ind2="4" tag="082">
            <marc:subfield code="a">511.324</marc:subfield>
            <marc:subfield code="2">22</marc:subfield>
          </marc:datafield>
          <marc:datafield ind1="1" ind2=" " tag="100">
            <marc:subfield code="a">Givant, Steven R.</marc:subfield>
            <marc:subfield code="4">aut</marc:subfield>
          </marc:datafield>
          <marc:datafield ind1="1" ind2="0" tag="245">
            <marc:subfield code="a">Introduction to boolean algebras</marc:subfield>
            <marc:subfield code="h">[electronic resource] /</marc:subfield>
            <marc:subfield code="c">Steven Givant, Paul Halmos.</marc:subfield>
          </marc:datafield>
          <marc:datafield ind1=" " ind2=" " tag="260">
            <marc:subfield code="a">New York, NY :</marc:subfield>
            <marc:subfield code="b">Springer,</marc:subfield>
            <marc:subfield code="c">c2009.</marc:subfield>
          </marc:datafield>
          <marc:datafield ind1=" " ind2=" " tag="300">
            <marc:subfield code="a">xiv, 574 p. :</marc:subfield>
            <marc:subfield code="b">ill. ;</marc:subfield>
            <marc:subfield code="c">25 cm.</marc:subfield>
          </marc:datafield>
          <marc:datafield ind1="1" ind2=" " tag="490">
            <marc:subfield code="a">Undergraduate texts in mathematics,</marc:subfield>
            <marc:subfield code="x">0172-6056</marc:subfield>
          </marc:datafield>
          <marc:datafield ind1=" " ind2=" " tag="504">
            <marc:subfield code="a">Includes bibliographical references and index.</marc:subfield>
          </marc:datafield>
          <marc:datafield ind1=" " ind2=" " tag="533">
            <marc:subfield code="a">Electronic reproduction.</marc:subfield>
            <marc:subfield code="b">UK :</marc:subfield>
            <marc:subfield code="c">MyiLibrary,</marc:subfield>
            <marc:subfield code="d">2009.</marc:subfield>
          </marc:datafield>
          <marc:datafield ind1=" " ind2="0" tag="650">
            <marc:subfield code="a">Algebra, Boolean.</marc:subfield>
          </marc:datafield>
          <marc:datafield ind1=" " ind2="0" tag="655">
            <marc:subfield code="a">Electronic books.</marc:subfield>
          </marc:datafield>
          <marc:datafield ind1="1" ind2=" " tag="700">
            <marc:subfield code="a">Halmos, Paul R.</marc:subfield>
            <marc:subfield code="q">(Paul Richard),</marc:subfield>
            <marc:subfield code="d">1916-2006.</marc:subfield>
          </marc:datafield>
          <marc:datafield ind1="2" ind2=" " tag="710">
            <marc:subfield code="a">SpringerLink (Online service)</marc:subfield>
          </marc:datafield>
          <marc:datafield ind1="2" ind2=" " tag="710">
            <marc:subfield code="a">MyiLibrary.</marc:subfield>
          </marc:datafield>
          <marc:datafield ind1="0" ind2=" " tag="776">
            <marc:subfield code="c">Print version</marc:subfield>
            <marc:subfield code="w">(IeDuTC)IeDuTCb15219688</marc:subfield>
            <marc:subfield code="w">(bnb)GBA8B1637</marc:subfield>
          </marc:datafield>
          <marc:datafield ind1=" " ind2="0" tag="830">
            <marc:subfield code="a">Undergraduate texts in mathematics.</marc:subfield>
          </marc:datafield>
          <marc:datafield ind1="4" ind2="0" tag="856">
            <marc:subfield code="u">http://proxy.cc.uic.edu/login?url=http://www.myilibrary.com?id=192686</marc:subfield>
            <marc:subfield code="z">Available only to UIC users (Connect to MyiLibrary resource)</marc:subfield>
          </marc:datafield>
          <marc:datafield ind1="4" ind2="0" tag="856">
            <marc:subfield code="u">http://proxy.cc.uic.edu/login?url=http://springerlink.com/openurl.asp?genre=book&amp;isbn=978-0-387-40293-2</marc:subfield>
            <marc:subfield code="z">Available only to UIC users (Connect to Springer resource)</marc:subfield>
          </marc:datafield>
          <marc:datafield tag="931" ind1=" " ind2=" ">
            <marc:subfield code="a">Text</marc:subfield>
            <marc:subfield code="5">UIUdb</marc:subfield>
          </marc:datafield>
          <marc:datafield tag="932" ind1=" " ind2=" ">
            <marc:subfield code="a">Language material</marc:subfield>
            <marc:subfield code="5">UIUdb</marc:subfield>
          </marc:datafield>
          <marc:datafield tag="932" ind1=" " ind2=" ">
            <marc:subfield code="a">Computer file</marc:subfield>
            <marc:subfield code="5">UIUdb</marc:subfield>
          </marc:datafield>
          <marc:datafield tag="933" ind1=" " ind2=" ">
            <marc:subfield code="a">Text</marc:subfield>
            <marc:subfield code="5">UIUdb</marc:subfield>
          </marc:datafield>
          <marc:datafield tag="935" ind1=" " ind2=" ">
            <marc:subfield code="a">Monograph/Item</marc:subfield>
            <marc:subfield code="5">UIUdb</marc:subfield>
          </marc:datafield>
          <marc:datafield tag="933" ind1=" " ind2=" ">
            <marc:subfield code="a">Electronic resource</marc:subfield>
            <marc:subfield code="5">UIUdb</marc:subfield>
          </marc:datafield>
          <marc:datafield tag="934" ind1=" " ind2=" ">
            <marc:subfield code="a">Remote</marc:subfield>
            <marc:subfield code="5">UIUdb</marc:subfield>
          </marc:datafield>
          <marc:datafield tag="937" ind1=" " ind2=" ">
            <marc:subfield code="a">Non-Fiction</marc:subfield>
            <marc:subfield code="5">UIUdb</marc:subfield>
          </marc:datafield>
          <marc:datafield tag="941" ind1=" " ind2=" ">
            <marc:subfield code="a">eng</marc:subfield>
            <marc:subfield code="5">UIUdb</marc:subfield>
          </marc:datafield>
          <marc:datafield tag="943" ind1=" " ind2=" ">
            <marc:subfield code="a">English</marc:subfield>
            <marc:subfield code="5">UIUdb</marc:subfield>
          </marc:datafield>
          <marc:datafield tag="947" ind1=" " ind2=" ">
            <marc:subfield code="a">0387402934 </marc:subfield>
            <marc:subfield code="5">UIUdb</marc:subfield>
          </marc:datafield>
          <marc:datafield tag="947" ind1=" " ind2=" ">
            <marc:subfield code="a">0387684360 </marc:subfield>
            <marc:subfield code="5">UIUdb</marc:subfield>
          </marc:datafield>
          <marc:datafield tag="947" ind1=" " ind2=" ">
            <marc:subfield code="a">9780387402932 </marc:subfield>
            <marc:subfield code="5">UIUdb</marc:subfield>
          </marc:datafield>
          <marc:datafield tag="947" ind1=" " ind2=" ">
            <marc:subfield code="a">9780387684369 </marc:subfield>
            <marc:subfield code="5">UIUdb</marc:subfield>
          </marc:datafield>
          <marc:datafield tag="240" ind1="0" ind2="0">
            <marc:subfield code="a">Introduction to boolean algebras</marc:subfield>
          </marc:datafield>
        </marc:record>
      </metadata>
    </record>
    <record>
      <header>
        <identifier>oai:mst.rochester.edu:MetadataServicesToolkit/marcnormalization/535</identifier>
        <datestamp>2012-01-09T19:09:09Z</datestamp>
        <setSpec>MARCXMLholding</setSpec>
      </header>
      <metadata>
        <marc:record xmlns:marc="http://www.loc.gov/MARC21/slim" xmlns:xsi="http://www.w3.org/2001/XMLSchema-instance" xsi:schemaLocation="http://www.loc.gov/MARC21/slim http://localhost:8080/OAIToolkit/schema/MARC21slim_custom.xsd">
          <marc:leader>00527nx  a22001211  4500</marc:leader>
          <marc:controlfield tag="001">2613713</marc:controlfield>
          <marc:controlfield tag="003">UICdb</marc:controlfield>
          <marc:controlfield tag="004">2434995</marc:controlfield>
          <marc:controlfield tag="005">20100117115047.0</marc:controlfield>
          <marc:controlfield tag="008">1001170u||||8|||4001uu|||0000000</marc:controlfield>
          <marc:datafield ind1="0" ind2=" " tag="852">
            <marc:subfield code="b">NET</marc:subfield>
            <marc:subfield code="h">QA10.3</marc:subfield>
            <marc:subfield code="i">.G58 2009eb</marc:subfield>
          </marc:datafield>
          <marc:datafield ind1="4" ind2="0" tag="856">
            <marc:subfield code="u">http://proxy.cc.uic.edu/login?url=http://www.myilibrary.com?id=192686</marc:subfield>
            <marc:subfield code="z">Available only to UIC users (Connect to MyiLibrary resource)</marc:subfield>
          </marc:datafield>
          <marc:datafield ind1="4" ind2="0" tag="856">
            <marc:subfield code="u">http://proxy.cc.uic.edu/login?url=http://springerlink.com/openurl.asp?genre=book&amp;isbn=978-0-387-40293-2</marc:subfield>
            <marc:subfield code="z">Available only to UIC users (Connect to Springer resource)</marc:subfield>
          </marc:datafield>
        </marc:record>
      </metadata>
    </record>