
    <record>
      <header>
        <identifier>oai:mst.rochester.edu:MetadataServicesToolkit/marcnormalization/538</identifier>
        <datestamp>2012-01-09T19:09:09Z</datestamp>
        <setSpec>MARCXMLbibliographic</setSpec>
      </header>
      <metadata>
        <marc:record xmlns:marc="http://www.loc.gov/MARC21/slim" xmlns:xsi="http://www.w3.org/2001/XMLSchema-instance" xsi:schemaLocation="http://www.loc.gov/MARC21/slim http://localhost:8080/OAIToolkit/schema/MARC21slim_custom.xsd">
          <marc:leader>02831nam a2200457Ia 4500</marc:leader>
          <marc:controlfield tag="001">2750666</marc:controlfield>
          <marc:controlfield tag="003">UICdb</marc:controlfield>
          <marc:controlfield tag="005">20110411215631.0</marc:controlfield>
          <marc:controlfield tag="006">m        d        </marc:controlfield>
          <marc:controlfield tag="007">cr cn|</marc:controlfield>
          <marc:controlfield tag="008">081020s2006    nyua    sb    001 0 eng d</marc:controlfield>
          <marc:datafield ind1=" " ind2=" " tag="020">
            <marc:subfield code="a">9780387362786</marc:subfield>
          </marc:datafield>
          <marc:datafield ind1=" " ind2=" " tag="020">
            <marc:subfield code="a">0387362789</marc:subfield>
          </marc:datafield>
          <marc:datafield ind1=" " ind2=" " tag="035">
            <marc:subfield code="a">(OCoLC)262826278</marc:subfield>
          </marc:datafield>
          <marc:datafield ind1=" " ind2=" " tag="037">
            <marc:subfield code="a">978-0-387-28986-1</marc:subfield>
            <marc:subfield code="b">Springer</marc:subfield>
            <marc:subfield code="n">http://www.springerlink.com</marc:subfield>
          </marc:datafield>
          <marc:datafield ind1=" " ind2=" " tag="040">
            <marc:subfield code="a">GW5XE</marc:subfield>
            <marc:subfield code="b">eng</marc:subfield>
            <marc:subfield code="c">GW5XE</marc:subfield>
          </marc:datafield>
          <marc:datafield ind1=" " ind2=" " tag="049">
            <marc:subfield code="a">ILLA</marc:subfield>
          </marc:datafield>
          <marc:datafield ind1="1" ind2="4" tag="050">
            <marc:subfield code="a">R858</marc:subfield>
            <marc:subfield code="b">.M397 2006eb</marc:subfield>
          </marc:datafield>
          <marc:datafield ind1="1" ind2="4" tag="060">
            <marc:subfield code="a">W 26.5</marc:subfield>
            <marc:subfield code="b">B6153 2006</marc:subfield>
          </marc:datafield>
          <marc:datafield ind1="0" ind2="4" tag="082">
            <marc:subfield code="a">610.28</marc:subfield>
            <marc:subfield code="2">22</marc:subfield>
          </marc:datafield>
          <marc:datafield ind1="0" ind2="0" tag="245">
            <marc:subfield code="a">Biomedical informatics</marc:subfield>
            <marc:subfield code="h">[electronic resource] :</marc:subfield>
            <marc:subfield code="b">computer applications in health care and biomedicine /</marc:subfield>
            <marc:subfield code="c">Edward H. Shortliffe, editor ; James J. Cimino, associate editor.</marc:subfield>
          </marc:datafield>
          <marc:datafield ind1=" " ind2=" " tag="250">
            <marc:subfield code="a">3rd ed.</marc:subfield>
          </marc:datafield>
          <marc:datafield ind1=" " ind2=" " tag="260">
            <marc:subfield code="a">New York, NY :</marc:subfield>
            <marc:subfield code="b">Springer,</marc:subfield>
            <marc:subfield code="c">c2006.</marc:subfield>
          </marc:datafield>
          <marc:datafield ind1=" " ind2=" " tag="300">
            <marc:subfield code="a">1 online resource (xxvi, 1037 p.) :</marc:subfield>
            <marc:subfield code="b">ill. </marc:subfield>
          </marc:datafield>
          <marc:datafield ind1="1" ind2=" " tag="490">
            <marc:subfield code="a">Health informatics series</marc:subfield>
          </marc:datafield>
          <marc:datafield ind1=" " ind2=" " tag="500">
            <marc:subfield code="a">Rev. ed. of: Medical informatics. c2001.</marc:subfield>
          </marc:datafield>
          <marc:datafield ind1=" " ind2=" " tag="504">
            <marc:subfield code="a">Includes bibliographical references (p. 849-913) and indexes.</marc:subfield>
          </marc:datafield>
          <marc:datafield ind1="0" ind2=" " tag="505">
            <marc:subfield code="a">The computer meets medicine and biology : emergence of a discipline -- Biomedical data : their acquisition, storage, and use -- Biomedical decision making : probabilistic clinical reasoning -- Cognitive science and biomedical informatics -- Essential concepts for biomedical computing -- System design and engineering in health care -- Standards in biomedical informatics -- Natural language and text processing in biomedicine -- Imaging and structural informatics -- Ethics and health informatics : users, standards, and outcomes -- Evaluation and technology assessment --</marc:subfield>
          </marc:datafield>
          <marc:datafield ind1="0" ind2=" " tag="505">
            <marc:subfield code="a">Electronic health record systems -- Management of information in healthcare organizations -- Consumer health informatics and telehealth. -- Public health informatics and the health information infrastructure -- Patient-care systems -- Patient-monitoring systems -- Imaging systems in radiology -- Information retrieval and digital libraries -- Clinical decision-support systems -- Computers in medical education -- Bioinformatics -- Health care financing and information technology : a historical perspective -- The future of computer applications in biomedicine.</marc:subfield>
          </marc:datafield>
          <marc:datafield ind1=" " ind2="0" tag="650">
            <marc:subfield code="a">Medical informatics.</marc:subfield>
          </marc:datafield>
          <marc:datafield ind1="1" ind2="2" tag="650">
            <marc:subfield code="a">Medical informatics.</marc:subfield>
          </marc:datafield>
          <marc:datafield ind1=" " ind2="7" tag="650">
            <marc:subfield code="a">Sistemas de informação hospitalar.</marc:subfield>
            <marc:subfield code="2">larpcal</marc:subfield>
          </marc:datafield>
          <marc:datafield ind1=" " ind2="7" tag="650">
            <marc:subfield code="a">Computação aplicada.</marc:subfield>
            <marc:subfield code="2">larpcal</marc:subfield>
          </marc:datafield>
          <marc:datafield ind1=" " ind2="7" tag="650">
            <marc:subfield code="a">Ciências da saúde.</marc:subfield>
            <marc:subfield code="2">larpcal</marc:subfield>
          </marc:datafield>
          <marc:datafield ind1=" " ind2="0" tag="655">
            <marc:subfield code="a">Electronic books.</marc:subfield>
          </marc:datafield>
          <marc:datafield ind1="1" ind2=" " tag="700">
            <marc:subfield code="a">Shortliffe, Edward Hance.</marc:subfield>
          </marc:datafield>
          <marc:datafield ind1="1" ind2=" " tag="700">
            <marc:subfield code="a">Cimino, James J.</marc:subfield>
          </marc:datafield>
          <marc:datafield ind1="1" ind2=" " tag="776">
            <marc:subfield code="c">Original</marc:subfield>
            <marc:subfield code="z">9780387289861</marc:subfield>
            <marc:subfield code="z">0387289860</marc:subfield>
            <marc:subfield code="z">0387217215</marc:subfield>
            <marc:subfield code="z">9780387217215</marc:subfield>
            <marc:subfield code="w">(DLC)  2006921549</marc:subfield>
            <marc:subfield code="w">(OCoLC)70204906</marc:subfield>
          </marc:datafield>
          <marc:datafield ind1=" " ind2="0" tag="830">
            <marc:subfield code="a">Health informatics.</marc:subfield>
          </marc:datafield>
          <marc:datafield ind1="4" ind2="0" tag="856">
            <marc:subfield code="3">Springer</marc:subfield>
            <marc:subfield code="u">http://proxy.cc.uic.edu/login?url=http://dx.doi.org/10.1007/0-387-36278-9</marc:subfield>
            <marc:subfield code="z">Available only to UIC users</marc:subfield>
          </marc:datafield>
          <marc:datafield ind1=" " ind2=" " tag="949">
            <marc:subfield code="a">Springer</marc:subfield>
          </marc:datafield>
          <marc:datafield tag="931" ind1=" " ind2=" ">
            <marc:subfield code="a">Text</marc:subfield>
            <marc:subfield code="5">UIUdb</marc:subfield>
          </marc:datafield>
          <marc:datafield tag="932" ind1=" " ind2=" ">
            <marc:subfield code="a">Language material</marc:subfield>
            <marc:subfield code="5">UIUdb</marc:subfield>
          </marc:datafield>
          <marc:datafield tag="932" ind1=" " ind2=" ">
            <marc:subfield code="a">Computer file</marc:subfield>
            <marc:subfield code="5">UIUdb</marc:subfield>
          </marc:datafield>
          <marc:datafield tag="933" ind1=" " ind2=" ">
            <marc:subfield code="a">Text</marc:subfield>
            <marc:subfield code="5">UIUdb</marc:subfield>
          </marc:datafield>
          <marc:datafield tag="935" ind1=" " ind2=" ">
            <marc:subfield code="a">Monograph/Item</marc:subfield>
            <marc:subfield code="5">UIUdb</marc:subfield>
          </marc:datafield>
          <marc:datafield tag="933" ind1=" " ind2=" ">
            <marc:subfield code="a">Electronic resource</marc:subfield>
            <marc:subfield code="5">UIUdb</marc:subfield>
          </marc:datafield>
          <marc:datafield tag="934" ind1=" " ind2=" ">
            <marc:subfield code="a">Remote</marc:subfield>
            <marc:subfield code="5">UIUdb</marc:subfield>
          </marc:datafield>
          <marc:datafield tag="937" ind1=" " ind2=" ">
            <marc:subfield code="a">Non-Fiction</marc:subfield>
            <marc:subfield code="5">UIUdb</marc:subfield>
          </marc:datafield>
          <marc:datafield tag="941" ind1=" " ind2=" ">
            <marc:subfield code="a">eng</marc:subfield>
            <marc:subfield code="5">UIUdb</marc:subfield>
          </marc:datafield>
          <marc:datafield tag="943" ind1=" " ind2=" ">
            <marc:subfield code="a">English</marc:subfield>
            <marc:subfield code="5">UIUdb</marc:subfield>
          </marc:datafield>
          <marc:datafield tag="947" ind1=" " ind2=" ">
            <marc:subfield code="a">9780387362786</marc:subfield>
            <marc:subfield code="5">UIUdb</marc:subfield>
          </marc:datafield>
          <marc:datafield tag="947" ind1=" " ind2=" ">
            <marc:subfield code="a">0387362789</marc:subfield>
            <marc:subfield code="5">UIUdb</marc:subfield>
          </marc:datafield>
          <marc:datafield tag="130" ind1="0" ind2=" ">
            <marc:subfield code="a">Biomedical informatics</marc:subfield>
          </marc:datafield>
        </marc:record>
      </metadata>
    </record>
    <record>
      <header>
        <identifier>oai:mst.rochester.edu:MetadataServicesToolkit/marcnormalization/539</identifier>
        <datestamp>2012-01-09T19:09:09Z</datestamp>
        <setSpec>MARCXMLholding</setSpec>
      </header>
      <metadata>
        <marc:record xmlns:marc="http://www.loc.gov/MARC21/slim" xmlns:xsi="http://www.w3.org/2001/XMLSchema-instance" xsi:schemaLocation="http://www.loc.gov/MARC21/slim http://localhost:8080/OAIToolkit/schema/MARC21slim_custom.xsd">
          <marc:leader>00327nx  a22001091  4500</marc:leader>
          <marc:controlfield tag="001">2933962</marc:controlfield>
          <marc:controlfield tag="003">UICdb</marc:controlfield>
          <marc:controlfield tag="004">2750666</marc:controlfield>
          <marc:controlfield tag="005">20110411215632.0</marc:controlfield>
          <marc:controlfield tag="008">1104110u||||8|||4001uu|||0000000</marc:controlfield>
          <marc:datafield ind1="0" ind2=" " tag="852">
            <marc:subfield code="b">NET</marc:subfield>
            <marc:subfield code="h">R858</marc:subfield>
            <marc:subfield code="i">.M397 2006eb</marc:subfield>
          </marc:datafield>
          <marc:datafield ind1="4" ind2="0" tag="856">
            <marc:subfield code="3">Springer</marc:subfield>
            <marc:subfield code="u">http://proxy.cc.uic.edu/login?url=http://dx.doi.org/10.1007/0-387-36278-9</marc:subfield>
            <marc:subfield code="z">Available only to UIC users</marc:subfield>
          </marc:datafield>
        </marc:record>
      </metadata>
    </record>