
    <record>
      <header>
        <identifier>oai:mst.rochester.edu:MetadataServicesToolkit/marcnormalization/546</identifier>
        <datestamp>2012-01-09T19:09:09Z</datestamp>
        <setSpec>MARCXMLbibliographic</setSpec>
      </header>
      <metadata>
        <marc:record xmlns:marc="http://www.loc.gov/MARC21/slim" xmlns:xsi="http://www.w3.org/2001/XMLSchema-instance" xsi:schemaLocation="http://www.loc.gov/MARC21/slim http://localhost:8080/OAIToolkit/schema/MARC21slim_custom.xsd">
          <marc:leader>02201cas a2200517 a 4500</marc:leader>
          <marc:controlfield tag="001">115705</marc:controlfield>
          <marc:controlfield tag="003">UICdb</marc:controlfield>
          <marc:controlfield tag="005">20011117062746.0</marc:controlfield>
          <marc:controlfield tag="008">805643c19749999dcuar1p  f   f0uuua0eng  </marc:controlfield>
          <marc:datafield ind1=" " ind2=" " tag="010">
            <marc:subfield code="a">   73646537 //r86 </marc:subfield>
            <marc:subfield code="z">73064653</marc:subfield>
          </marc:datafield>
          <marc:datafield ind1=" " ind2=" " tag="012">
            <marc:subfield code="a">2</marc:subfield>
            <marc:subfield code="b">3</marc:subfield>
            <marc:subfield code="d">7</marc:subfield>
            <marc:subfield code="e">-</marc:subfield>
            <marc:subfield code="f">-</marc:subfield>
            <marc:subfield code="g">p</marc:subfield>
            <marc:subfield code="h">-</marc:subfield>
            <marc:subfield code="i">8407</marc:subfield>
            <marc:subfield code="j">0</marc:subfield>
          </marc:datafield>
          <marc:datafield ind1=" " ind2=" " tag="019">
            <marc:subfield code="a">963015</marc:subfield>
            <marc:subfield code="a">3077581</marc:subfield>
            <marc:subfield code="a">5841032</marc:subfield>
            <marc:subfield code="a">14346043</marc:subfield>
          </marc:datafield>
          <marc:datafield ind1=" " ind2=" " tag="022">
            <marc:subfield code="a">0092-1904</marc:subfield>
          </marc:datafield>
          <marc:datafield ind1=" " ind2=" " tag="035">
            <marc:subfield code="a">(OCoLC)1788884</marc:subfield>
          </marc:datafield>
          <marc:datafield ind1=" " ind2=" " tag="035">
            <marc:subfield code="a">(GPO)89001652 </marc:subfield>
          </marc:datafield>
          <marc:datafield ind1=" " ind2=" " tag="035">
            <marc:subfield code="9">AAM6140UI</marc:subfield>
          </marc:datafield>
          <marc:datafield ind1=" " ind2=" " tag="040">
            <marc:subfield code="a">DLC</marc:subfield>
            <marc:subfield code="c">DLC</marc:subfield>
            <marc:subfield code="d">m/c</marc:subfield>
            <marc:subfield code="d">HUL</marc:subfield>
            <marc:subfield code="d">NSD</marc:subfield>
            <marc:subfield code="d">OCL</marc:subfield>
            <marc:subfield code="d">GPO</marc:subfield>
            <marc:subfield code="d">NST</marc:subfield>
            <marc:subfield code="d">GPO</marc:subfield>
            <marc:subfield code="d">OCL</marc:subfield>
            <marc:subfield code="d">DLC</marc:subfield>
            <marc:subfield code="d">m.c.</marc:subfield>
            <marc:subfield code="d">GPO</marc:subfield>
            <marc:subfield code="d">DLC</marc:subfield>
            <marc:subfield code="d">NST</marc:subfield>
            <marc:subfield code="d">DLC</marc:subfield>
            <marc:subfield code="d">NST</marc:subfield>
            <marc:subfield code="d">RCS</marc:subfield>
            <marc:subfield code="d">OCL</marc:subfield>
            <marc:subfield code="d">NST</marc:subfield>
            <marc:subfield code="d">HUL</marc:subfield>
            <marc:subfield code="d">NST</marc:subfield>
            <marc:subfield code="d">NSD</marc:subfield>
            <marc:subfield code="d">NST</marc:subfield>
            <marc:subfield code="d">GPO</marc:subfield>
            <marc:subfield code="d">HUL</marc:subfield>
            <marc:subfield code="d">OCL</marc:subfield>
            <marc:subfield code="d">FUG</marc:subfield>
            <marc:subfield code="d">NST</marc:subfield>
            <marc:subfield code="d">GPO</marc:subfield>
            <marc:subfield code="d">DLC</marc:subfield>
            <marc:subfield code="d">OCL</marc:subfield>
            <marc:subfield code="d">MvI</marc:subfield>
          </marc:datafield>
          <marc:datafield ind1=" " ind2=" " tag="042">
            <marc:subfield code="a">lc</marc:subfield>
            <marc:subfield code="a">nsdp</marc:subfield>
          </marc:datafield>
          <marc:datafield ind1=" " ind2=" " tag="043">
            <marc:subfield code="a">n-us---</marc:subfield>
          </marc:datafield>
          <marc:datafield ind1=" " ind2=" " tag="049">
            <marc:subfield code="a">IAYG</marc:subfield>
          </marc:datafield>
          <marc:datafield ind1=" " ind2=" " tag="074">
            <marc:subfield code="a">577</marc:subfield>
          </marc:datafield>
          <marc:datafield ind1=" " ind2=" " tag="082">
            <marc:subfield code="a">353</marc:subfield>
          </marc:datafield>
          <marc:datafield ind1="0" ind2=" " tag="086">
            <marc:subfield code="a">AE 2.108/2:</marc:subfield>
          </marc:datafield>
          <marc:datafield ind1="0" ind2=" " tag="086">
            <marc:subfield code="a">GS 4.109:</marc:subfield>
          </marc:datafield>
          <marc:datafield ind1=" " ind2=" " tag="099">
            <marc:subfield code="a">AE 2.108/2:</marc:subfield>
          </marc:datafield>
          <marc:datafield ind1="0" ind2="0" tag="130">
            <marc:subfield code="a">United States government manual (Washington, D.C. : 1973)</marc:subfield>
          </marc:datafield>
          <marc:datafield ind1="0" ind2=" " tag="210">
            <marc:subfield code="a">U. S. gov. man.</marc:subfield>
            <marc:subfield code="b">(1974)</marc:subfield>
          </marc:datafield>
          <marc:datafield ind1="0" ind2="0" tag="222">
            <marc:subfield code="a">United States government manual</marc:subfield>
            <marc:subfield code="b">(1974)</marc:subfield>
          </marc:datafield>
          <marc:datafield ind1="0" ind2="4" tag="245">
            <marc:subfield code="a">The United States government manual.</marc:subfield>
          </marc:datafield>
          <marc:datafield ind1="0" ind2="0" tag="260">
            <marc:subfield code="a">Washington, D.C. :</marc:subfield>
            <marc:subfield code="b">Office of the Federal Register, National Archives and Records Service, General Services Administration :</marc:subfield>
            <marc:subfield code="b">For sale by the Supt. of Docs., U.S. G.P.O.,</marc:subfield>
            <marc:subfield code="c">[1973-</marc:subfield>
          </marc:datafield>
          <marc:datafield ind1=" " ind2=" " tag="265">
            <marc:subfield code="a">Supt. of Docs., U.S. Govt. Print. Off., Washington, DC 20402</marc:subfield>
          </marc:datafield>
          <marc:datafield ind1=" " ind2=" " tag="300">
            <marc:subfield code="a">v. :</marc:subfield>
            <marc:subfield code="b">ill. ;</marc:subfield>
            <marc:subfield code="c">24 cm.</marc:subfield>
          </marc:datafield>
          <marc:datafield ind1=" " ind2=" " tag="310">
            <marc:subfield code="a">Annual</marc:subfield>
          </marc:datafield>
          <marc:datafield ind1=" " ind2=" " tag="350">
            <marc:subfield code="a">$20.00</marc:subfield>
          </marc:datafield>
          <marc:datafield ind1="0" ind2=" " tag="362">
            <marc:subfield code="a">1973/74-</marc:subfield>
          </marc:datafield>
          <marc:datafield ind1=" " ind2=" " tag="500">
            <marc:subfield code="a">Published as a special edition of the Federal register.</marc:subfield>
          </marc:datafield>
          <marc:datafield ind1=" " ind2=" " tag="500">
            <marc:subfield code="a">Previously classed: GS 4.109:</marc:subfield>
          </marc:datafield>
          <marc:datafield ind1=" " ind2=" " tag="500">
            <marc:subfield code="a">Shipping list no.: 88-575-P.</marc:subfield>
          </marc:datafield>
          <marc:datafield ind1=" " ind2=" " tag="500">
            <marc:subfield code="a">1988/89.</marc:subfield>
          </marc:datafield>
          <marc:datafield ind1=" " ind2=" " tag="530">
            <marc:subfield code="a">Some issues also available from GPO Access via Internet at the GPO web site (choice of text (full or summary) and PDF). </marc:subfield>
          </marc:datafield>
          <marc:datafield ind1="0" ind2=" " tag="550">
            <marc:subfield code="a">Vols. for 1985/86-   published by the Office of the Federal Register, National Archives and Records Administration.</marc:subfield>
          </marc:datafield>
          <marc:datafield ind1=" " ind2="0" tag="650">
            <marc:subfield code="a">Executive departments</marc:subfield>
            <marc:subfield code="z">United States</marc:subfield>
            <marc:subfield code="x">Handbooks, manuals, etc.</marc:subfield>
          </marc:datafield>
          <marc:datafield ind1=" " ind2="0" tag="651">
            <marc:subfield code="a">United States</marc:subfield>
            <marc:subfield code="x">Politics and government</marc:subfield>
            <marc:subfield code="x">Handbooks, manuals, etc.</marc:subfield>
          </marc:datafield>
          <marc:datafield ind1="1" ind2="0" tag="710">
            <marc:subfield code="a">United States.</marc:subfield>
            <marc:subfield code="b">Office of the Federal Register.</marc:subfield>
          </marc:datafield>
          <marc:datafield ind1="0" ind2="0" tag="730">
            <marc:subfield code="a">Federal register.</marc:subfield>
          </marc:datafield>
          <marc:datafield ind1="0" ind2="0" tag="780">
            <marc:subfield code="t">United States government organization manual</marc:subfield>
            <marc:subfield code="x">0083-1174</marc:subfield>
            <marc:subfield code="w">(DLC)   35026025</marc:subfield>
            <marc:subfield code="w">(OCoLC)8508797</marc:subfield>
          </marc:datafield>
          <marc:datafield tag="931" ind1=" " ind2=" ">
            <marc:subfield code="a">Text</marc:subfield>
            <marc:subfield code="5">UIUdb</marc:subfield>
          </marc:datafield>
          <marc:datafield tag="932" ind1=" " ind2=" ">
            <marc:subfield code="a">Language material</marc:subfield>
            <marc:subfield code="5">UIUdb</marc:subfield>
          </marc:datafield>
          <marc:datafield tag="933" ind1=" " ind2=" ">
            <marc:subfield code="a">Text</marc:subfield>
            <marc:subfield code="5">UIUdb</marc:subfield>
          </marc:datafield>
          <marc:datafield tag="935" ind1=" " ind2=" ">
            <marc:subfield code="a">Serial</marc:subfield>
            <marc:subfield code="5">UIUdb</marc:subfield>
          </marc:datafield>
          <marc:datafield tag="937" ind1=" " ind2=" ">
            <marc:subfield code="a">Non-Fiction</marc:subfield>
            <marc:subfield code="5">UIUdb</marc:subfield>
          </marc:datafield>
          <marc:datafield tag="939" ind1=" " ind2=" ">
            <marc:subfield code="a">1974-    </marc:subfield>
            <marc:subfield code="5">UIUdb</marc:subfield>
          </marc:datafield>
          <marc:datafield tag="941" ind1=" " ind2=" ">
            <marc:subfield code="a">eng</marc:subfield>
            <marc:subfield code="5">UIUdb</marc:subfield>
          </marc:datafield>
          <marc:datafield tag="943" ind1=" " ind2=" ">
            <marc:subfield code="a">English</marc:subfield>
            <marc:subfield code="5">UIUdb</marc:subfield>
          </marc:datafield>
          <marc:datafield tag="965" ind1=" " ind2="0">
            <marc:subfield code="a">Executive departments</marc:subfield>
            <marc:subfield code="5">UIUdb</marc:subfield>
          </marc:datafield>
          <marc:datafield tag="965" ind1=" " ind2="0">
            <marc:subfield code="x">Handbooks, manuals, etc.</marc:subfield>
            <marc:subfield code="5">UIUdb</marc:subfield>
          </marc:datafield>
          <marc:datafield tag="965" ind1=" " ind2="0">
            <marc:subfield code="x">Politics and government</marc:subfield>
            <marc:subfield code="5">UIUdb</marc:subfield>
          </marc:datafield>
          <marc:datafield tag="967" ind1=" " ind2="0">
            <marc:subfield code="a">United States</marc:subfield>
            <marc:subfield code="5">UIUdb</marc:subfield>
          </marc:datafield>
        </marc:record>
      </metadata>
    </record>
    <record>
      <header>
        <identifier>oai:mst.rochester.edu:MetadataServicesToolkit/marcnormalization/547</identifier>
        <datestamp>2012-01-09T19:09:09Z</datestamp>
        <setSpec>MARCXMLholding</setSpec>
      </header>
      <metadata>
        <marc:record xmlns:marc="http://www.loc.gov/MARC21/slim" xmlns:xsi="http://www.w3.org/2001/XMLSchema-instance" xsi:schemaLocation="http://www.loc.gov/MARC21/slim http://localhost:8080/OAIToolkit/schema/MARC21slim_custom.xsd">
          <marc:leader>00410cy  a22001453  4500</marc:leader>
          <marc:controlfield tag="001">153311</marc:controlfield>
          <marc:controlfield tag="003">UICdb</marc:controlfield>
          <marc:controlfield tag="004">115705</marc:controlfield>
          <marc:controlfield tag="005">20091201145423.0</marc:controlfield>
          <marc:controlfield tag="008">9304174|    8   |   ||eng       </marc:controlfield>
          <marc:datafield ind1="0" ind2=" " tag="014">
            <marc:subfield code="9">000153310</marc:subfield>
          </marc:datafield>
          <marc:datafield ind1="0" ind2="1" tag="852">
            <marc:subfield code="b">MAIN</marc:subfield>
            <marc:subfield code="h">JK421</marc:subfield>
            <marc:subfield code="i">.A32</marc:subfield>
            <marc:subfield code="z">Latest at Reference Desk.</marc:subfield>
            <marc:subfield code="x">*RECENT EDITION BEHIND DESK.*</marc:subfield>
            <marc:subfield code="x">rec'd from Docs</marc:subfield>
          </marc:datafield>
          <marc:datafield ind1="3" ind2="0" tag="866">
            <marc:subfield code="8">0</marc:subfield>
            <marc:subfield code="a">1973/1974-</marc:subfield>
          </marc:datafield>
          <marc:datafield ind1="3" ind2="0" tag="866">
            <marc:subfield code="8">0</marc:subfield>
            <marc:subfield code="a">1987/1988-2001/2002, 2006/2007-2009/2010</marc:subfield>
          </marc:datafield>
        </marc:record>
      </metadata>
    </record>
    <record>
      <header>
        <identifier>oai:mst.rochester.edu:MetadataServicesToolkit/marcnormalization/548</identifier>
        <datestamp>2012-01-09T19:09:09Z</datestamp>
        <setSpec>MARCXMLholding</setSpec>
      </header>
      <metadata>
        <marc:record xmlns:marc="http://www.loc.gov/MARC21/slim" xmlns:xsi="http://www.w3.org/2001/XMLSchema-instance" xsi:schemaLocation="http://www.loc.gov/MARC21/slim http://localhost:8080/OAIToolkit/schema/MARC21slim_custom.xsd">
          <marc:leader>00326cy  a22001333  4500</marc:leader>
          <marc:controlfield tag="001">153312</marc:controlfield>
          <marc:controlfield tag="003">UICdb</marc:controlfield>
          <marc:controlfield tag="004">115705</marc:controlfield>
          <marc:controlfield tag="005">20091203140557.0</marc:controlfield>
          <marc:controlfield tag="008">9304174|    8   |   ||eng       </marc:controlfield>
          <marc:datafield ind1="0" ind2=" " tag="014">
            <marc:subfield code="9">000153311</marc:subfield>
          </marc:datafield>
          <marc:datafield ind1="0" ind2="1" tag="852">
            <marc:subfield code="b">SCI REF</marc:subfield>
            <marc:subfield code="t">2</marc:subfield>
            <marc:subfield code="h">JK421</marc:subfield>
            <marc:subfield code="i">.A32</marc:subfield>
            <marc:subfield code="x">non-circ</marc:subfield>
            <marc:subfield code="z">Library retains current year only.</marc:subfield>
          </marc:datafield>
          <marc:datafield ind1="3" ind2="1" tag="866">
            <marc:subfield code="8">0</marc:subfield>
            <marc:subfield code="a">2001/2002</marc:subfield>
          </marc:datafield>
        </marc:record>
      </metadata>
    </record>
    <record>
      <header>
        <identifier>oai:mst.rochester.edu:MetadataServicesToolkit/marcnormalization/549</identifier>
        <datestamp>2012-01-09T19:09:09Z</datestamp>
        <setSpec>MARCXMLholding</setSpec>
      </header>
      <metadata>
        <marc:record xmlns:marc="http://www.loc.gov/MARC21/slim" xmlns:xsi="http://www.w3.org/2001/XMLSchema-instance" xsi:schemaLocation="http://www.loc.gov/MARC21/slim http://localhost:8080/OAIToolkit/schema/MARC21slim_custom.xsd">
          <marc:leader>00631cy  a22001693  4500</marc:leader>
          <marc:controlfield tag="001">153313</marc:controlfield>
          <marc:controlfield tag="003">UICdb</marc:controlfield>
          <marc:controlfield tag="004">115705</marc:controlfield>
          <marc:controlfield tag="005">20050110153508.0</marc:controlfield>
          <marc:controlfield tag="008">9304174|    8   |   ||eng       </marc:controlfield>
          <marc:datafield ind1="0" ind2=" " tag="014">
            <marc:subfield code="9">000153312</marc:subfield>
          </marc:datafield>
          <marc:datafield ind1="2" ind2="1" tag="852">
            <marc:subfield code="b">CHS</marc:subfield>
            <marc:subfield code="h">JK421</marc:subfield>
            <marc:subfield code="i">U58</marc:subfield>
            <marc:subfield code="z">Latest in Reference.</marc:subfield>
            <marc:subfield code="x">hp</marc:subfield>
            <marc:subfield code="x">Fax order to GPO (Lorraine)  (mr)</marc:subfield>
            <marc:subfield code="x">rec'd 5/7/99</marc:subfield>
            <marc:subfield code="x">2000/2001 ED. avail. 10/00 sk#069-000-001327</marc:subfield>
            <marc:subfield code="x">mr.</marc:subfield>
            <marc:subfield code="x">called &amp; ordered 2000-2001 ed. spoke with</marc:subfield>
            <marc:subfield code="x">Ms.Ricardo cost per copy $40.00  (mr)</marc:subfield>
          </marc:datafield>
          <marc:datafield ind1="3" ind2="1" tag="866">
            <marc:subfield code="8">0</marc:subfield>
            <marc:subfield code="a">1973/1974, 1977/1978, 1985/1986-1987/1988</marc:subfield>
          </marc:datafield>
          <marc:datafield ind1="3" ind2="1" tag="866">
            <marc:subfield code="8">0</marc:subfield>
            <marc:subfield code="a">1989/1990,</marc:subfield>
          </marc:datafield>
          <marc:datafield ind1="3" ind2="1" tag="866">
            <marc:subfield code="8">0</marc:subfield>
            <marc:subfield code="x">1991/1992 withdrawn</marc:subfield>
          </marc:datafield>
          <marc:datafield ind1="3" ind2="1" tag="866">
            <marc:subfield code="8">0</marc:subfield>
            <marc:subfield code="a">1993/1994, 1998/1999-2000/2001</marc:subfield>
          </marc:datafield>
        </marc:record>
      </metadata>
    </record>
    <record>
      <header>
        <identifier>oai:mst.rochester.edu:MetadataServicesToolkit/marcnormalization/550</identifier>
        <datestamp>2012-01-09T19:09:09Z</datestamp>
        <setSpec>MARCXMLholding</setSpec>
      </header>
      <metadata>
        <marc:record xmlns:marc="http://www.loc.gov/MARC21/slim" xmlns:xsi="http://www.w3.org/2001/XMLSchema-instance" xsi:schemaLocation="http://www.loc.gov/MARC21/slim http://localhost:8080/OAIToolkit/schema/MARC21slim_custom.xsd">
          <marc:leader>00315cy  a22001333  4500</marc:leader>
          <marc:controlfield tag="001">153314</marc:controlfield>
          <marc:controlfield tag="003">UICdb</marc:controlfield>
          <marc:controlfield tag="004">115705</marc:controlfield>
          <marc:controlfield tag="005">20100331141249.0</marc:controlfield>
          <marc:controlfield tag="008">9304170|    8   |   ||eng       </marc:controlfield>
          <marc:datafield ind1="0" ind2=" " tag="014">
            <marc:subfield code="9">000153313</marc:subfield>
          </marc:datafield>
          <marc:datafield ind1="2" ind2="1" tag="852">
            <marc:subfield code="b">RHS</marc:subfield>
            <marc:subfield code="h">JK421</marc:subfield>
            <marc:subfield code="i">U58</marc:subfield>
            <marc:subfield code="z">Latest in Reference.</marc:subfield>
          </marc:datafield>
          <marc:datafield ind1="3" ind2="1" tag="866">
            <marc:subfield code="8">0</marc:subfield>
            <marc:subfield code="a">1997/1998, 2000/2001 withdrawn</marc:subfield>
          </marc:datafield>
        </marc:record>
      </metadata>
    </record>
    <record>
      <header>
        <identifier>oai:mst.rochester.edu:MetadataServicesToolkit/marcnormalization/551</identifier>
        <datestamp>2012-01-09T19:09:09Z</datestamp>
        <setSpec>MARCXMLholding</setSpec>
      </header>
      <metadata>
        <marc:record xmlns:marc="http://www.loc.gov/MARC21/slim" xmlns:xsi="http://www.w3.org/2001/XMLSchema-instance" xsi:schemaLocation="http://www.loc.gov/MARC21/slim http://localhost:8080/OAIToolkit/schema/MARC21slim_custom.xsd">
          <marc:leader>00344cy  a22001453  4500</marc:leader>
          <marc:controlfield tag="001">153315</marc:controlfield>
          <marc:controlfield tag="003">UICdb</marc:controlfield>
          <marc:controlfield tag="004">115705</marc:controlfield>
          <marc:controlfield tag="005">20100726153104.0</marc:controlfield>
          <marc:controlfield tag="008">9304174|    6   |   ||eng       </marc:controlfield>
          <marc:datafield ind1="0" ind2=" " tag="014">
            <marc:subfield code="b">000153314</marc:subfield>
          </marc:datafield>
          <marc:datafield ind1="2" ind2="1" tag="852">
            <marc:subfield code="b">UHS</marc:subfield>
            <marc:subfield code="h">JK421</marc:subfield>
            <marc:subfield code="i">U58</marc:subfield>
            <marc:subfield code="z">Latest in Reference.</marc:subfield>
          </marc:datafield>
          <marc:datafield ind1="3" ind2="1" tag="866">
            <marc:subfield code="8">0</marc:subfield>
            <marc:subfield code="a">2000/2001-2001/2002</marc:subfield>
          </marc:datafield>
          <marc:datafield ind1="3" ind2="1" tag="866">
            <marc:subfield code="8">0</marc:subfield>
            <marc:subfield code="x">2002/2003 wdn 7/2010</marc:subfield>
          </marc:datafield>
        </marc:record>
      </metadata>
    </record>
    <record>
      <header>
        <identifier>oai:mst.rochester.edu:MetadataServicesToolkit/marcnormalization/552</identifier>
        <datestamp>2012-01-09T19:09:09Z</datestamp>
        <setSpec>MARCXMLholding</setSpec>
      </header>
      <metadata>
        <marc:record xmlns:marc="http://www.loc.gov/MARC21/slim" xmlns:xsi="http://www.w3.org/2001/XMLSchema-instance" xsi:schemaLocation="http://www.loc.gov/MARC21/slim http://localhost:8080/OAIToolkit/schema/MARC21slim_custom.xsd">
          <marc:leader>00393cy  a22001213  4500</marc:leader>
          <marc:controlfield tag="001">153316</marc:controlfield>
          <marc:controlfield tag="003">UICdb</marc:controlfield>
          <marc:controlfield tag="004">115705</marc:controlfield>
          <marc:controlfield tag="005">20081022123424.0</marc:controlfield>
          <marc:controlfield tag="008">9612194|    8   |   |||||       </marc:controlfield>
          <marc:datafield ind1="3" ind2="1" tag="852">
            <marc:subfield code="b">DOCS</marc:subfield>
            <marc:subfield code="h">AE 2.108/2:</marc:subfield>
            <marc:subfield code="x">NO LONGER HELD IN DOCS</marc:subfield>
            <marc:subfield code="x">Send to Ref via serials</marc:subfield>
            <marc:subfield code="x">hold off ordering for Science per G.O.</marc:subfield>
            <marc:subfield code="x">rec'd the latest ed. 2008/09 and sent to serials.</marc:subfield>
          </marc:datafield>
          <marc:datafield ind1="3" ind2="1" tag="866">
            <marc:subfield code="8">0</marc:subfield>
            <marc:subfield code="a">1985-2005/2006</marc:subfield>
          </marc:datafield>
        </marc:record>
      </metadata>
    </record>
    <record>
      <header>
        <identifier>oai:mst.rochester.edu:MetadataServicesToolkit/marcnormalization/553</identifier>
        <datestamp>2012-01-09T19:09:09Z</datestamp>
        <setSpec>MARCXMLholding</setSpec>
      </header>
      <metadata>
        <marc:record xmlns:marc="http://www.loc.gov/MARC21/slim" xmlns:xsi="http://www.w3.org/2001/XMLSchema-instance" xsi:schemaLocation="http://www.loc.gov/MARC21/slim http://localhost:8080/OAIToolkit/schema/MARC21slim_custom.xsd">
          <marc:leader>00287cy  a22001333  4500</marc:leader>
          <marc:controlfield tag="001">153317</marc:controlfield>
          <marc:controlfield tag="003">UICdb</marc:controlfield>
          <marc:controlfield tag="004">115705</marc:controlfield>
          <marc:controlfield tag="005">20011117062746.0</marc:controlfield>
          <marc:controlfield tag="008">9612194|    8   |   |||||       </marc:controlfield>
          <marc:datafield ind1="0" ind2=" " tag="014">
            <marc:subfield code="9">000153316</marc:subfield>
          </marc:datafield>
          <marc:datafield ind1="3" ind2="1" tag="852">
            <marc:subfield code="b">DOCS</marc:subfield>
            <marc:subfield code="h">GS 4.109:</marc:subfield>
            <marc:subfield code="x">in storage</marc:subfield>
          </marc:datafield>
          <marc:datafield ind1="3" ind2="1" tag="866">
            <marc:subfield code="8">0</marc:subfield>
            <marc:subfield code="a">1939,1946-85</marc:subfield>
          </marc:datafield>
        </marc:record>
      </metadata>
    </record>
    <record>
      <header>
        <identifier>oai:mst.rochester.edu:MetadataServicesToolkit/marcnormalization/554</identifier>
        <datestamp>2012-01-09T19:09:09Z</datestamp>
        <setSpec>MARCXMLholding</setSpec>
      </header>
      <metadata>
        <marc:record xmlns:marc="http://www.loc.gov/MARC21/slim" xmlns:xsi="http://www.w3.org/2001/XMLSchema-instance" xsi:schemaLocation="http://www.loc.gov/MARC21/slim http://localhost:8080/OAIToolkit/schema/MARC21slim_custom.xsd">
          <marc:leader>00292cy  a2200133m  4500</marc:leader>
          <marc:controlfield tag="001">153318</marc:controlfield>
          <marc:controlfield tag="003">UICdb</marc:controlfield>
          <marc:controlfield tag="004">115705</marc:controlfield>
          <marc:controlfield tag="005">20071211150628.0</marc:controlfield>
          <marc:controlfield tag="008">9501264|    8   |   |||||       </marc:controlfield>
          <marc:datafield ind1="0" ind2=" " tag="014">
            <marc:subfield code="9">000153317</marc:subfield>
          </marc:datafield>
          <marc:datafield ind1="3" ind2="1" tag="852">
            <marc:subfield code="b">PHS</marc:subfield>
            <marc:subfield code="h">JK421</marc:subfield>
            <marc:subfield code="i">U58 withdrawn</marc:subfield>
          </marc:datafield>
          <marc:datafield ind1="3" ind2="1" tag="866">
            <marc:subfield code="8">0</marc:subfield>
            <marc:subfield code="x">1991/1992-2001/2002</marc:subfield>
          </marc:datafield>
        </marc:record>
      </metadata>
    </record>
    <record>
      <header>
        <identifier>oai:mst.rochester.edu:MetadataServicesToolkit/marcnormalization/555</identifier>
        <datestamp>2012-01-09T19:09:09Z</datestamp>
        <setSpec>MARCXMLholding</setSpec>
      </header>
      <metadata>
        <marc:record xmlns:marc="http://www.loc.gov/MARC21/slim" xmlns:xsi="http://www.w3.org/2001/XMLSchema-instance" xsi:schemaLocation="http://www.loc.gov/MARC21/slim http://localhost:8080/OAIToolkit/schema/MARC21slim_custom.xsd">
          <marc:leader>00190nx  a22000975  4500</marc:leader>
          <marc:controlfield tag="001">2477427</marc:controlfield>
          <marc:controlfield tag="003">UICdb</marc:controlfield>
          <marc:controlfield tag="004">115705</marc:controlfield>
          <marc:controlfield tag="005">20090616103714.0</marc:controlfield>
          <marc:controlfield tag="008">0906160u    0   2001uueng0090616</marc:controlfield>
          <marc:datafield ind1="0" ind2=" " tag="852">
            <marc:subfield code="b">MAIN</marc:subfield>
            <marc:subfield code="h">JK421 .A32</marc:subfield>
          </marc:datafield>
        </marc:record>
      </metadata>
    </record>
    <record>
      <header>
        <identifier>oai:mst.rochester.edu:MetadataServicesToolkit/marcnormalization/556</identifier>
        <datestamp>2012-01-09T19:09:09Z</datestamp>
        <setSpec>MARCXMLholding</setSpec>
      </header>
      <metadata>
        <marc:record xmlns:marc="http://www.loc.gov/MARC21/slim" xmlns:xsi="http://www.w3.org/2001/XMLSchema-instance" xsi:schemaLocation="http://www.loc.gov/MARC21/slim http://localhost:8080/OAIToolkit/schema/MARC21slim_custom.xsd">
          <marc:leader>00190nx  a22000975  4500</marc:leader>
          <marc:controlfield tag="001">2477429</marc:controlfield>
          <marc:controlfield tag="003">UICdb</marc:controlfield>
          <marc:controlfield tag="004">115705</marc:controlfield>
          <marc:controlfield tag="005">20090616103955.0</marc:controlfield>
          <marc:controlfield tag="008">0906160u    0   2001uueng0090616</marc:controlfield>
          <marc:datafield ind1="0" ind2=" " tag="852">
            <marc:subfield code="b">MAIN</marc:subfield>
            <marc:subfield code="h">JK421 .A32</marc:subfield>
          </marc:datafield>
        </marc:record>
      </metadata>
    </record>