
    <record>
      <header>
        <identifier>oai:mst.rochester.edu:MetadataServicesToolkit/marcnormalization/557</identifier>
        <datestamp>2012-01-09T19:09:09Z</datestamp>
        <setSpec>MARCXMLbibliographic</setSpec>
      </header>
      <metadata>
        <marc:record xmlns:marc="http://www.loc.gov/MARC21/slim" xmlns:xsi="http://www.w3.org/2001/XMLSchema-instance" xsi:schemaLocation="http://www.loc.gov/MARC21/slim http://localhost:8080/OAIToolkit/schema/MARC21slim_custom.xsd">
          <marc:leader>00922cam a2200313 i 4500</marc:leader>
          <marc:controlfield tag="001">179489</marc:controlfield>
          <marc:controlfield tag="003">UICdb</marc:controlfield>
          <marc:controlfield tag="005">20050527083339.0</marc:controlfield>
          <marc:controlfield tag="008">760420s1976    nyu           00010ceng  </marc:controlfield>
          <marc:datafield ind1=" " ind2=" " tag="010">
            <marc:subfield code="a">   72076164 </marc:subfield>
          </marc:datafield>
          <marc:datafield ind1=" " ind2=" " tag="020">
            <marc:subfield code="a">0385037872 :</marc:subfield>
            <marc:subfield code="c">$12.50</marc:subfield>
          </marc:datafield>
          <marc:datafield ind1=" " ind2=" " tag="035">
            <marc:subfield code="a">(OCoLC)2188350</marc:subfield>
          </marc:datafield>
          <marc:datafield ind1=" " ind2=" " tag="035">
            <marc:subfield code="9">AAU0140UI</marc:subfield>
          </marc:datafield>
          <marc:datafield ind1=" " ind2=" " tag="040">
            <marc:subfield code="a">DLC</marc:subfield>
            <marc:subfield code="c">DLC</marc:subfield>
            <marc:subfield code="d">GXM</marc:subfield>
            <marc:subfield code="d">IAY</marc:subfield>
          </marc:datafield>
          <marc:datafield ind1=" " ind2=" " tag="043">
            <marc:subfield code="a">n-us---</marc:subfield>
            <marc:subfield code="a">f-gm---</marc:subfield>
          </marc:datafield>
          <marc:datafield ind1=" " ind2=" " tag="049">
            <marc:subfield code="a">IAYA [LOCKED][CASE]</marc:subfield>
            <marc:subfield code="c">1-2, 3 [688 p.]</marc:subfield>
          </marc:datafield>
          <marc:datafield ind1="0" ind2=" " tag="050">
            <marc:subfield code="a">E185.97.H24</marc:subfield>
            <marc:subfield code="b">A33</marc:subfield>
          </marc:datafield>
          <marc:datafield ind1=" " ind2=" " tag="082">
            <marc:subfield code="a">929/.2/0973</marc:subfield>
          </marc:datafield>
          <marc:datafield ind1=" " ind2=" " tag="096">
            <marc:subfield code="a">E 185.97 H168r 1976</marc:subfield>
          </marc:datafield>
          <marc:datafield ind1="1" ind2="0" tag="100">
            <marc:subfield code="a">Haley, Alex.</marc:subfield>
            <marc:subfield code="4">aut</marc:subfield>
          </marc:datafield>
          <marc:datafield ind1="1" ind2="0" tag="245">
            <marc:subfield code="a">Roots /</marc:subfield>
            <marc:subfield code="c">Alex Haley.</marc:subfield>
          </marc:datafield>
          <marc:datafield ind1=" " ind2=" " tag="250">
            <marc:subfield code="a">1st ed.</marc:subfield>
          </marc:datafield>
          <marc:datafield ind1="0" ind2=" " tag="260">
            <marc:subfield code="a">Garden City, N.Y. :</marc:subfield>
            <marc:subfield code="b">Doubleday,</marc:subfield>
            <marc:subfield code="c">1976.</marc:subfield>
          </marc:datafield>
          <marc:datafield ind1=" " ind2=" " tag="300">
            <marc:subfield code="a">viii, 587 p. ;</marc:subfield>
            <marc:subfield code="c">24 cm.</marc:subfield>
          </marc:datafield>
          <marc:datafield ind1=" " ind2=" " tag="500">
            <marc:subfield code="a">"A condensed version of a portion of this work first appeared in Reader's digest."</marc:subfield>
          </marc:datafield>
          <marc:datafield ind1="1" ind2="0" tag="600">
            <marc:subfield code="a">Haley, Alex.</marc:subfield>
          </marc:datafield>
          <marc:datafield ind1="3" ind2="0" tag="600">
            <marc:subfield code="a">Haley family.</marc:subfield>
          </marc:datafield>
          <marc:datafield ind1="3" ind2="0" tag="600">
            <marc:subfield code="a">Kinte family.</marc:subfield>
          </marc:datafield>
          <marc:datafield ind1=" " ind2="2" tag="650">
            <marc:subfield code="a">African Continental Ancestry Group</marc:subfield>
            <marc:subfield code="x">history</marc:subfield>
          </marc:datafield>
          <marc:datafield tag="931" ind1=" " ind2=" ">
            <marc:subfield code="a">Text</marc:subfield>
            <marc:subfield code="5">UIUdb</marc:subfield>
          </marc:datafield>
          <marc:datafield tag="932" ind1=" " ind2=" ">
            <marc:subfield code="a">Language material</marc:subfield>
            <marc:subfield code="5">UIUdb</marc:subfield>
          </marc:datafield>
          <marc:datafield tag="933" ind1=" " ind2=" ">
            <marc:subfield code="a">Text</marc:subfield>
            <marc:subfield code="5">UIUdb</marc:subfield>
          </marc:datafield>
          <marc:datafield tag="935" ind1=" " ind2=" ">
            <marc:subfield code="a">Monograph/Item</marc:subfield>
            <marc:subfield code="5">UIUdb</marc:subfield>
          </marc:datafield>
          <marc:datafield tag="937" ind1=" " ind2=" ">
            <marc:subfield code="a">Non-Fiction</marc:subfield>
            <marc:subfield code="5">UIUdb</marc:subfield>
          </marc:datafield>
          <marc:datafield tag="941" ind1=" " ind2=" ">
            <marc:subfield code="a">eng</marc:subfield>
            <marc:subfield code="5">UIUdb</marc:subfield>
          </marc:datafield>
          <marc:datafield tag="943" ind1=" " ind2=" ">
            <marc:subfield code="a">English</marc:subfield>
            <marc:subfield code="5">UIUdb</marc:subfield>
          </marc:datafield>
          <marc:datafield tag="947" ind1=" " ind2=" ">
            <marc:subfield code="a">0385037872 </marc:subfield>
            <marc:subfield code="5">UIUdb</marc:subfield>
          </marc:datafield>
          <marc:datafield tag="240" ind1="0" ind2="0">
            <marc:subfield code="a">Roots /</marc:subfield>
          </marc:datafield>
          <marc:datafield tag="965" ind1=" " ind2="2">
            <marc:subfield code="a">African Continental Ancestry Group</marc:subfield>
            <marc:subfield code="5">UIUdb</marc:subfield>
          </marc:datafield>
          <marc:datafield tag="965" ind1=" " ind2="2">
            <marc:subfield code="x">history</marc:subfield>
            <marc:subfield code="5">UIUdb</marc:subfield>
          </marc:datafield>
        </marc:record>
      </metadata>
    </record>
    <record>
      <header>
        <identifier>oai:mst.rochester.edu:MetadataServicesToolkit/marcnormalization/558</identifier>
        <datestamp>2012-01-09T19:09:09Z</datestamp>
        <setSpec>MARCXMLholding</setSpec>
      </header>
      <metadata>
        <marc:record xmlns:marc="http://www.loc.gov/MARC21/slim" xmlns:xsi="http://www.w3.org/2001/XMLSchema-instance" xsi:schemaLocation="http://www.loc.gov/MARC21/slim http://localhost:8080/OAIToolkit/schema/MARC21slim_custom.xsd">
          <marc:leader>00250cx  a2200121z  4500</marc:leader>
          <marc:controlfield tag="001">235753</marc:controlfield>
          <marc:controlfield tag="003">UICdb</marc:controlfield>
          <marc:controlfield tag="004">179489</marc:controlfield>
          <marc:controlfield tag="005">20031022141156.0</marc:controlfield>
          <marc:controlfield tag="008">0111172u    0   1001uu   0000000</marc:controlfield>
          <marc:datafield ind1="0" ind2=" " tag="014">
            <marc:subfield code="9">000235752</marc:subfield>
          </marc:datafield>
          <marc:datafield ind1="0" ind2="0" tag="852">
            <marc:subfield code="b">MAIN</marc:subfield>
            <marc:subfield code="h">E185.97.H24</marc:subfield>
            <marc:subfield code="i">A33</marc:subfield>
          </marc:datafield>
        </marc:record>
      </metadata>
    </record>
    <record>
      <header>
        <identifier>oai:mst.rochester.edu:MetadataServicesToolkit/marcnormalization/559</identifier>
        <datestamp>2012-01-09T19:09:09Z</datestamp>
        <setSpec>MARCXMLholding</setSpec>
      </header>
      <metadata>
        <marc:record xmlns:marc="http://www.loc.gov/MARC21/slim" xmlns:xsi="http://www.w3.org/2001/XMLSchema-instance" xsi:schemaLocation="http://www.loc.gov/MARC21/slim http://localhost:8080/OAIToolkit/schema/MARC21slim_custom.xsd">
          <marc:leader>00253cx  a2200121z  4500</marc:leader>
          <marc:controlfield tag="001">235754</marc:controlfield>
          <marc:controlfield tag="003">UICdb</marc:controlfield>
          <marc:controlfield tag="004">179489</marc:controlfield>
          <marc:controlfield tag="005">20031022141156.0</marc:controlfield>
          <marc:controlfield tag="008">0111172u    0   1001uu   0000000</marc:controlfield>
          <marc:datafield ind1="0" ind2=" " tag="014">
            <marc:subfield code="9">000235753</marc:subfield>
          </marc:datafield>
          <marc:datafield ind1="0" ind2="0" tag="852">
            <marc:subfield code="b">MAIN</marc:subfield>
            <marc:subfield code="t">2</marc:subfield>
            <marc:subfield code="h">E185.97.H24</marc:subfield>
            <marc:subfield code="i">A33</marc:subfield>
          </marc:datafield>
        </marc:record>
      </metadata>
    </record>
    <record>
      <header>
        <identifier>oai:mst.rochester.edu:MetadataServicesToolkit/marcnormalization/560</identifier>
        <datestamp>2012-01-09T19:09:09Z</datestamp>
        <setSpec>MARCXMLholding</setSpec>
      </header>
      <metadata>
        <marc:record xmlns:marc="http://www.loc.gov/MARC21/slim" xmlns:xsi="http://www.w3.org/2001/XMLSchema-instance" xsi:schemaLocation="http://www.loc.gov/MARC21/slim http://localhost:8080/OAIToolkit/schema/MARC21slim_custom.xsd">
          <marc:leader>00261cx  a2200121z  4500</marc:leader>
          <marc:controlfield tag="001">235755</marc:controlfield>
          <marc:controlfield tag="003">UICdb</marc:controlfield>
          <marc:controlfield tag="004">179489</marc:controlfield>
          <marc:controlfield tag="005">20031022141156.0</marc:controlfield>
          <marc:controlfield tag="008">0111172u    0   1001uu   0000000</marc:controlfield>
          <marc:datafield ind1="0" ind2=" " tag="014">
            <marc:subfield code="9">000235754</marc:subfield>
          </marc:datafield>
          <marc:datafield ind1="0" ind2="0" tag="852">
            <marc:subfield code="b">MAIN</marc:subfield>
            <marc:subfield code="t">3</marc:subfield>
            <marc:subfield code="h">E185.97.H24</marc:subfield>
            <marc:subfield code="i">A33</marc:subfield>
            <marc:subfield code="x">688 p.</marc:subfield>
          </marc:datafield>
        </marc:record>
      </metadata>
    </record>
    <record>
      <header>
        <identifier>oai:mst.rochester.edu:MetadataServicesToolkit/marcnormalization/561</identifier>
        <datestamp>2012-01-09T19:09:09Z</datestamp>
        <setSpec>MARCXMLholding</setSpec>
      </header>
      <metadata>
        <marc:record xmlns:marc="http://www.loc.gov/MARC21/slim" xmlns:xsi="http://www.w3.org/2001/XMLSchema-instance" xsi:schemaLocation="http://www.loc.gov/MARC21/slim http://localhost:8080/OAIToolkit/schema/MARC21slim_custom.xsd">
          <marc:leader>00253nx  a2200121z  4500</marc:leader>
          <marc:controlfield tag="001">235756</marc:controlfield>
          <marc:controlfield tag="003">UICdb</marc:controlfield>
          <marc:controlfield tag="004">179489</marc:controlfield>
          <marc:controlfield tag="005">20011117062746.0</marc:controlfield>
          <marc:controlfield tag="008">0111172u    0   1001uu   0000000</marc:controlfield>
          <marc:datafield ind1="0" ind2=" " tag="014">
            <marc:subfield code="9">000235755</marc:subfield>
          </marc:datafield>
          <marc:datafield ind1="0" ind2="0" tag="852">
            <marc:subfield code="b">LOCK</marc:subfield>
            <marc:subfield code="t">4</marc:subfield>
            <marc:subfield code="h">E185.97.H24</marc:subfield>
            <marc:subfield code="i">A33</marc:subfield>
          </marc:datafield>
        </marc:record>
      </metadata>
    </record>
    <record>
      <header>
        <identifier>oai:mst.rochester.edu:MetadataServicesToolkit/marcnormalization/562</identifier>
        <datestamp>2012-01-09T19:09:09Z</datestamp>
        <setSpec>MARCXMLholding</setSpec>
      </header>
      <metadata>
        <marc:record xmlns:marc="http://www.loc.gov/MARC21/slim" xmlns:xsi="http://www.w3.org/2001/XMLSchema-instance" xsi:schemaLocation="http://www.loc.gov/MARC21/slim http://localhost:8080/OAIToolkit/schema/MARC21slim_custom.xsd">
          <marc:leader>00253nx  a2200121z  4500</marc:leader>
          <marc:controlfield tag="001">235757</marc:controlfield>
          <marc:controlfield tag="003">UICdb</marc:controlfield>
          <marc:controlfield tag="004">179489</marc:controlfield>
          <marc:controlfield tag="005">20011117062746.0</marc:controlfield>
          <marc:controlfield tag="008">0111172u    0   1001uu   0000000</marc:controlfield>
          <marc:datafield ind1="0" ind2=" " tag="014">
            <marc:subfield code="9">000235756</marc:subfield>
          </marc:datafield>
          <marc:datafield ind1="0" ind2="0" tag="852">
            <marc:subfield code="b">LOCK</marc:subfield>
            <marc:subfield code="t">5</marc:subfield>
            <marc:subfield code="h">E185.97.H24</marc:subfield>
            <marc:subfield code="i">A33</marc:subfield>
          </marc:datafield>
        </marc:record>
      </metadata>
    </record>
    <record>
      <header>
        <identifier>oai:mst.rochester.edu:MetadataServicesToolkit/marcnormalization/563</identifier>
        <datestamp>2012-01-09T19:09:09Z</datestamp>
        <setSpec>MARCXMLholding</setSpec>
      </header>
      <metadata>
        <marc:record xmlns:marc="http://www.loc.gov/MARC21/slim" xmlns:xsi="http://www.w3.org/2001/XMLSchema-instance" xsi:schemaLocation="http://www.loc.gov/MARC21/slim http://localhost:8080/OAIToolkit/schema/MARC21slim_custom.xsd">
          <marc:leader>00253cx  a2200121z  4500</marc:leader>
          <marc:controlfield tag="001">235758</marc:controlfield>
          <marc:controlfield tag="003">UICdb</marc:controlfield>
          <marc:controlfield tag="004">179489</marc:controlfield>
          <marc:controlfield tag="005">20031022141157.0</marc:controlfield>
          <marc:controlfield tag="008">0111172u    0   1001uu   0000000</marc:controlfield>
          <marc:datafield ind1="0" ind2=" " tag="014">
            <marc:subfield code="9">000235757</marc:subfield>
          </marc:datafield>
          <marc:datafield ind1="0" ind2="0" tag="852">
            <marc:subfield code="b">MAIN</marc:subfield>
            <marc:subfield code="t">6</marc:subfield>
            <marc:subfield code="h">E185.97.H24</marc:subfield>
            <marc:subfield code="i">A33</marc:subfield>
          </marc:datafield>
        </marc:record>
      </metadata>
    </record>
    <record>
      <header>
        <identifier>oai:mst.rochester.edu:MetadataServicesToolkit/marcnormalization/564</identifier>
        <datestamp>2012-01-09T19:09:09Z</datestamp>
        <setSpec>MARCXMLholding</setSpec>
      </header>
      <metadata>
        <marc:record xmlns:marc="http://www.loc.gov/MARC21/slim" xmlns:xsi="http://www.w3.org/2001/XMLSchema-instance" xsi:schemaLocation="http://www.loc.gov/MARC21/slim http://localhost:8080/OAIToolkit/schema/MARC21slim_custom.xsd">
          <marc:leader>00253nx  a2200121z  4500</marc:leader>
          <marc:controlfield tag="001">235759</marc:controlfield>
          <marc:controlfield tag="003">UICdb</marc:controlfield>
          <marc:controlfield tag="004">179489</marc:controlfield>
          <marc:controlfield tag="005">20011117062746.0</marc:controlfield>
          <marc:controlfield tag="008">0111172u    0   1001uu   0000000</marc:controlfield>
          <marc:datafield ind1="0" ind2=" " tag="014">
            <marc:subfield code="9">000235758</marc:subfield>
          </marc:datafield>
          <marc:datafield ind1="0" ind2="0" tag="852">
            <marc:subfield code="b">LOCK</marc:subfield>
            <marc:subfield code="t">7</marc:subfield>
            <marc:subfield code="h">E185.97.H24</marc:subfield>
            <marc:subfield code="i">A33</marc:subfield>
          </marc:datafield>
        </marc:record>
      </metadata>
    </record>
    <record>
      <header>
        <identifier>oai:mst.rochester.edu:MetadataServicesToolkit/marcnormalization/565</identifier>
        <datestamp>2012-01-09T19:09:09Z</datestamp>
        <setSpec>MARCXMLholding</setSpec>
      </header>
      <metadata>
        <marc:record xmlns:marc="http://www.loc.gov/MARC21/slim" xmlns:xsi="http://www.w3.org/2001/XMLSchema-instance" xsi:schemaLocation="http://www.loc.gov/MARC21/slim http://localhost:8080/OAIToolkit/schema/MARC21slim_custom.xsd">
          <marc:leader>00253nx  a2200121z  4500</marc:leader>
          <marc:controlfield tag="001">235760</marc:controlfield>
          <marc:controlfield tag="003">UICdb</marc:controlfield>
          <marc:controlfield tag="004">179489</marc:controlfield>
          <marc:controlfield tag="005">20011117062746.0</marc:controlfield>
          <marc:controlfield tag="008">0111172u    0   1001uu   0000000</marc:controlfield>
          <marc:datafield ind1="0" ind2=" " tag="014">
            <marc:subfield code="9">000235759</marc:subfield>
          </marc:datafield>
          <marc:datafield ind1="0" ind2="0" tag="852">
            <marc:subfield code="b">LOCK</marc:subfield>
            <marc:subfield code="t">8</marc:subfield>
            <marc:subfield code="h">E185.97.H24</marc:subfield>
            <marc:subfield code="i">A33</marc:subfield>
          </marc:datafield>
        </marc:record>
      </metadata>
    </record>
    <record>
      <header>
        <identifier>oai:mst.rochester.edu:MetadataServicesToolkit/marcnormalization/566</identifier>
        <datestamp>2012-01-09T19:09:09Z</datestamp>
        <setSpec>MARCXMLholding</setSpec>
      </header>
      <metadata>
        <marc:record xmlns:marc="http://www.loc.gov/MARC21/slim" xmlns:xsi="http://www.w3.org/2001/XMLSchema-instance" xsi:schemaLocation="http://www.loc.gov/MARC21/slim http://localhost:8080/OAIToolkit/schema/MARC21slim_custom.xsd">
          <marc:leader>00253nx  a2200121z  4500</marc:leader>
          <marc:controlfield tag="001">235761</marc:controlfield>
          <marc:controlfield tag="003">UICdb</marc:controlfield>
          <marc:controlfield tag="004">179489</marc:controlfield>
          <marc:controlfield tag="005">20011117062746.0</marc:controlfield>
          <marc:controlfield tag="008">0111172u    0   1001uu   0000000</marc:controlfield>
          <marc:datafield ind1="0" ind2=" " tag="014">
            <marc:subfield code="9">000235760</marc:subfield>
          </marc:datafield>
          <marc:datafield ind1="0" ind2="0" tag="852">
            <marc:subfield code="b">LOCK</marc:subfield>
            <marc:subfield code="t">9</marc:subfield>
            <marc:subfield code="h">E185.97.H24</marc:subfield>
            <marc:subfield code="i">A33</marc:subfield>
          </marc:datafield>
        </marc:record>
      </metadata>
    </record>
    <record>
      <header>
        <identifier>oai:mst.rochester.edu:MetadataServicesToolkit/marcnormalization/567</identifier>
        <datestamp>2012-01-09T19:09:09Z</datestamp>
        <setSpec>MARCXMLholding</setSpec>
      </header>
      <metadata>
        <marc:record xmlns:marc="http://www.loc.gov/MARC21/slim" xmlns:xsi="http://www.w3.org/2001/XMLSchema-instance" xsi:schemaLocation="http://www.loc.gov/MARC21/slim http://localhost:8080/OAIToolkit/schema/MARC21slim_custom.xsd">
          <marc:leader>00264nx  a2200121z  4500</marc:leader>
          <marc:controlfield tag="001">235762</marc:controlfield>
          <marc:controlfield tag="003">UICdb</marc:controlfield>
          <marc:controlfield tag="004">179489</marc:controlfield>
          <marc:controlfield tag="005">20011117062746.0</marc:controlfield>
          <marc:controlfield tag="008">0111174u    0   0001uu   0000000</marc:controlfield>
          <marc:datafield ind1="0" ind2=" " tag="014">
            <marc:subfield code="9">000235761</marc:subfield>
          </marc:datafield>
          <marc:datafield ind1="8" ind2="0" tag="852">
            <marc:subfield code="b">CHS</marc:subfield>
            <marc:subfield code="h">E185.97</marc:subfield>
            <marc:subfield code="i">H168r</marc:subfield>
            <marc:subfield code="i">1976</marc:subfield>
            <marc:subfield code="x">withdrawn</marc:subfield>
          </marc:datafield>
        </marc:record>
      </metadata>
    </record>
    <record>
      <header>
        <identifier>oai:mst.rochester.edu:MetadataServicesToolkit/marcnormalization/568</identifier>
        <datestamp>2012-01-09T19:09:09Z</datestamp>
        <setSpec>MARCXMLholding</setSpec>
      </header>
      <metadata>
        <marc:record xmlns:marc="http://www.loc.gov/MARC21/slim" xmlns:xsi="http://www.w3.org/2001/XMLSchema-instance" xsi:schemaLocation="http://www.loc.gov/MARC21/slim http://localhost:8080/OAIToolkit/schema/MARC21slim_custom.xsd">
          <marc:leader>00267nx  a2200121z  4500</marc:leader>
          <marc:controlfield tag="001">235763</marc:controlfield>
          <marc:controlfield tag="003">UICdb</marc:controlfield>
          <marc:controlfield tag="004">179489</marc:controlfield>
          <marc:controlfield tag="005">20011117062746.0</marc:controlfield>
          <marc:controlfield tag="008">0111174u    0   0001uu   0000000</marc:controlfield>
          <marc:datafield ind1="0" ind2=" " tag="014">
            <marc:subfield code="9">000235762</marc:subfield>
          </marc:datafield>
          <marc:datafield ind1="8" ind2="0" tag="852">
            <marc:subfield code="b">CHS</marc:subfield>
            <marc:subfield code="t">2</marc:subfield>
            <marc:subfield code="h">E185.97</marc:subfield>
            <marc:subfield code="i">H168r</marc:subfield>
            <marc:subfield code="i">1976</marc:subfield>
            <marc:subfield code="x">withdrawn</marc:subfield>
          </marc:datafield>
        </marc:record>
      </metadata>
    </record>