
    <record>
      <header>
        <identifier>oai:mst.rochester.edu:MetadataServicesToolkit/marcnormalization/575</identifier>
        <datestamp>2012-01-09T19:09:09Z</datestamp>
        <setSpec>MARCXMLbibliographic</setSpec>
      </header>
      <metadata>
        <marc:record xmlns:marc="http://www.loc.gov/MARC21/slim" xmlns:xsi="http://www.w3.org/2001/XMLSchema-instance" xsi:schemaLocation="http://www.loc.gov/MARC21/slim http://localhost:8080/OAIToolkit/schema/MARC21slim_custom.xsd">
          <marc:leader>11277cam a2200565 a 4500</marc:leader>
          <marc:controlfield tag="001">480002</marc:controlfield>
          <marc:controlfield tag="003">UISdb</marc:controlfield>
          <marc:controlfield tag="005">20100122113201.0</marc:controlfield>
          <marc:controlfield tag="008">091215s2009    nyua     b    001 0 eng  </marc:controlfield>
          <marc:datafield ind1=" " ind2=" " tag="010">
            <marc:subfield code="a">  2008047484</marc:subfield>
          </marc:datafield>
          <marc:datafield ind1=" " ind2=" " tag="020">
            <marc:subfield code="a">9781603290241 (pbk. : alk. paper)</marc:subfield>
          </marc:datafield>
          <marc:datafield ind1=" " ind2=" " tag="020">
            <marc:subfield code="a">1603290249 (pbk. : alk. paper)</marc:subfield>
          </marc:datafield>
          <marc:datafield ind1=" " ind2=" " tag="020">
            <marc:subfield code="a">9781603290258 (large print : pbk. : alk. paper)</marc:subfield>
          </marc:datafield>
          <marc:datafield ind1=" " ind2=" " tag="020">
            <marc:subfield code="a">1603290257 (large print : pbk. : alk. paper)</marc:subfield>
          </marc:datafield>
          <marc:datafield ind1="1" ind2=" " tag="029">
            <marc:subfield code="a">CDX</marc:subfield>
            <marc:subfield code="b">9189181</marc:subfield>
          </marc:datafield>
          <marc:datafield ind1="1" ind2=" " tag="029">
            <marc:subfield code="a">IG#</marc:subfield>
            <marc:subfield code="b">9781603290241</marc:subfield>
          </marc:datafield>
          <marc:datafield ind1="1" ind2=" " tag="029">
            <marc:subfield code="a">AU@</marc:subfield>
            <marc:subfield code="b">000043629698</marc:subfield>
          </marc:datafield>
          <marc:datafield ind1="1" ind2=" " tag="029">
            <marc:subfield code="a">NLGGC</marc:subfield>
            <marc:subfield code="b">317886487</marc:subfield>
          </marc:datafield>
          <marc:datafield ind1="1" ind2=" " tag="029">
            <marc:subfield code="a">NZ1</marc:subfield>
            <marc:subfield code="b">12875417</marc:subfield>
          </marc:datafield>
          <marc:datafield ind1=" " ind2=" " tag="035">
            <marc:subfield code="a">(OCoLC)276228865</marc:subfield>
          </marc:datafield>
          <marc:datafield ind1=" " ind2=" " tag="040">
            <marc:subfield code="a">DLC</marc:subfield>
            <marc:subfield code="c">DLC</marc:subfield>
            <marc:subfield code="d">BTCTA</marc:subfield>
            <marc:subfield code="d">YDXCP</marc:subfield>
            <marc:subfield code="d">C#P</marc:subfield>
            <marc:subfield code="d">CDX</marc:subfield>
            <marc:subfield code="d">PBR</marc:subfield>
            <marc:subfield code="d">IG#</marc:subfield>
            <marc:subfield code="d">NNG</marc:subfield>
            <marc:subfield code="d">LMR</marc:subfield>
            <marc:subfield code="d">GK5</marc:subfield>
            <marc:subfield code="d">CRH</marc:subfield>
            <marc:subfield code="d">NLGGC</marc:subfield>
            <marc:subfield code="d">OKJ</marc:subfield>
            <marc:subfield code="d">TEX</marc:subfield>
            <marc:subfield code="d">EDK</marc:subfield>
            <marc:subfield code="d">VP@</marc:subfield>
            <marc:subfield code="d">XY4</marc:subfield>
          </marc:datafield>
          <marc:datafield ind1=" " ind2=" " tag="049">
            <marc:subfield code="a">IASB</marc:subfield>
          </marc:datafield>
          <marc:datafield ind1="0" ind2="0" tag="050">
            <marc:subfield code="a">LB2369</marc:subfield>
            <marc:subfield code="b">.G53 2009</marc:subfield>
          </marc:datafield>
          <marc:datafield ind1="0" ind2="0" tag="082">
            <marc:subfield code="a">808/.027</marc:subfield>
            <marc:subfield code="2">22</marc:subfield>
          </marc:datafield>
          <marc:datafield ind1=" " ind2=" " tag="084">
            <marc:subfield code="a">02.13</marc:subfield>
            <marc:subfield code="2">bcl</marc:subfield>
          </marc:datafield>
          <marc:datafield ind1="0" ind2="0" tag="245">
            <marc:subfield code="a">MLA handbook for writers of research papers.</marc:subfield>
          </marc:datafield>
          <marc:datafield ind1="3" ind2="0" tag="246">
            <marc:subfield code="a">Handbook for writers of research papers</marc:subfield>
          </marc:datafield>
          <marc:datafield ind1=" " ind2=" " tag="250">
            <marc:subfield code="a">7th ed.</marc:subfield>
          </marc:datafield>
          <marc:datafield ind1=" " ind2=" " tag="260">
            <marc:subfield code="a">New York :</marc:subfield>
            <marc:subfield code="b">Modern Language Association of America,</marc:subfield>
            <marc:subfield code="c">2009.</marc:subfield>
          </marc:datafield>
          <marc:datafield ind1=" " ind2=" " tag="300">
            <marc:subfield code="a">xxi, 292 p. :</marc:subfield>
            <marc:subfield code="b">ill. ;</marc:subfield>
            <marc:subfield code="c">23 cm.</marc:subfield>
          </marc:datafield>
          <marc:datafield ind1=" " ind2=" " tag="500">
            <marc:subfield code="a">Prev. ed. entered under: Gibaldi, Joseph, 1942-</marc:subfield>
          </marc:datafield>
          <marc:datafield ind1=" " ind2=" " tag="504">
            <marc:subfield code="a">Includes bibliographical references (p. 258-260) and index.</marc:subfield>
          </marc:datafield>
          <marc:datafield ind1="0" ind2=" " tag="505">
            <marc:subfield code="a">Foreword / Rosemary G Feal -- Preface / David G Nicholls -- Note on the Web component -- Chapter 1:  Research And Writing -- 1-1:  Research paper as a form of exploration -- 1-2:  Research paper as a form of communication -- 1-3:  Selecting a topic -- 1-3-1:  Freedom of choice -- 1-3-2:  Finding an appropriate focus -- 1-3-3:  Summing up -- 1-4:  Conducting research -- 1-4-1:  Modern academic library -- 1-4-2:  Library research sources -- 1-4-3:  Central information system -- 1-4-4:  Reference works -- 1-4-5:  Online catalog of library holdings -- 1-4-6:  Full-text databases -- 1-4-7:  Other library resources and services -- 1-4-8:  Web sources -- 1-4-9:  Summing up -- 1-5:  Compiling a working bibliography -- 1-5-1:  Keeping track of sources -- 1-5-2:  Creating a computer file for the working bibliography -- 1-5-3:  Recording essential publication information -- 1-5-4:  Noting other useful information -- 1-5-5:  Verifying publication information -- 1-5-6:  Converting the working bibliography to the works-cited list -- 1-5-7:  Summing up -- 1-6:  Evaluating sources -- 1-6-1:  Authority -- 1-6-2:  Accuracy and verifiability -- 1-6-3:  Currency -- 1-6-4:  Summing up -- 1-7:  Taking notes -- 1-7-1:  Methods of note-taking -- 1-7-2:  Types of note-taking -- 1-7-3:  Recording page or reference numbers -- 1-7-4:  Using a computer for note-taking -- 1-7-5:  Amount and accuracy of note-taking -- 1-7-6:  Summing up -- 1-8:  Outlining -- 1-8-1:  Working outline -- 1-8-2:  Thesis statement -- 1-8-3:  Final outline -- 1-8-4:  Summing up -- 1-9:  Writing drafts -- 1-9-1:  First draft -- 1-9-2:  Subsequent drafts -- 1-9-3:  Writing with a word processor -- 1-9-4:  Final draft and the research project portfolio -- 1-9-5:  Summing up -- 1-10:  Language and style --</marc:subfield>
          </marc:datafield>
          <marc:datafield ind1="0" ind2=" " tag="505">
            <marc:subfield code="a">Chapter 2:  Plagiarism And Academic Integrity -- 2-1:  Definition of plagiarism -- 2-2:  Consequences of plagiarism -- 2-3:  Information sharing today -- 2-4:  Unintentional plagiarism -- 2-5:  Forms of plagiarism -- 2-6:  When documentation is not needed -- 2-7:  Related issues -- 2-7-1:  Reusing a research paper -- 2-7-2:  Collaborative work -- 2-7-3:  Research on human subjects -- 2-7-4:  Copyright infringement -- 2-8:  Summing up -- Chapter 3:  Mechanics Of Writing -- 3-1:  Spelling -- 3-1-1:  Consistency -- 3-1-2:  Word division -- 3-1-3:  Plurals -- 3-1-4:  Foreign words -- 3-2:  Punctuation -- 3-2-1:  Purpose of punctuation -- 3-2-2:  Commas -- 3-2-3:  Semicolons -- 3-2-4:  Colons -- 3-2-5:  Dashes and parentheses -- 3-2-6:  Hyphens -- 3-2-7:  Apostrophes -- 3-2-8:  Quotation marks -- 3-2-9:  Square brackets -- 3-2-10:  Slashes -- 3-2-11:  Periods, question marks, and exclamation points -- 3-2-12:  Spacing after concluding punctuation marks -- 3-3:  Italics -- 3-3-1:  Words and letters referred to as words and letters -- 3-3-2:  Foreign words in an English text -- 3-3-3:  Emphasis -- 3-4:  Names of persons -- 3-4-1:  First and subsequent uses of names -- 3-4-2:  Titles of persons -- 3-4-3:  Names of authors and fictional characters -- 3-5:  Numbers -- 3-5-1:  Arabic numerals -- 3-5-2:  Use of words or numerals -- 3-5-3:  Commas in numbers -- 3-5-4:  Percentages and amounts of money -- 3-5-5:  Dates and times of the day -- 3-5-6:  Inclusive numbers -- 3-5-7:  Roman numerals -- 3-6:  Titles of works in the research paper -- 3-6-1:  Capitalization and punctuation -- 3-6-2:  Italicized titles -- 3-6-3:  Titles in quotation marks -- 3-6-4:  Titles and quotations within titles -- 3-6-5:  Exceptions -- 3-6-6:  Shortened titles -- 3-7:  Quotations -- 3-7-1:  Use and accuracy of quotations -- 3-7-2:  Prose -- 3-7-3:  Poetry -- 3-7-4:  Drama -- 3-7-5:  Ellipsis -- 3-7-6:  Other alterations of sources -- 3-7-7:  Punctuation with quotations -- 3-7-8:  Translations of quotations -- 3-8:  Capitalization and personal names in languages other than English -- 3-8-1:  French -- 3-8-2:  German -- 3-8-3:  Italian -- 3-8-4:  Spanish -- 3-8-5:  Latin --</marc:subfield>
          </marc:datafield>
          <marc:datafield ind1="0" ind2=" " tag="505">
            <marc:subfield code="a">Chapter 4:  Format Of The Research Paper -- 4-1:  Margins -- 4-2:  Text formatting -- 4-3:  Heading and title -- 4-4:  Page numbers -- 4-5:  Tables and illustrations -- 4-6:  Paper and printing -- 4-7:  Corrections and insertions -- 4-8:  Binding -- 4-9:  Electronic submission -- Chapter 5:  Documentation:  Preparing The List Of Works Cited -- 5-1:  Documenting sources -- 5-2:  MLA style -- 5-3:  List of works cited -- 5-3-1:  Introduction -- 5-3-2:  Placement of the list of works cited -- 5-3-3:  Arrangement of entries -- 5-3-4:  Two or more works by the same author -- 5-3-5:  Two or more works by the same authors -- 5-3-6:  Cross-references -- 5-4:  Citing periodical print publications -- 5-4-1:  Introduction -- 5-4-2:  Article in a scholarly journal -- 5-4-3:  Article in a scholarly journal that uses only issue numbers -- 5-4-4:  Article in a scholarly journal with more than one series -- 5-4-5:  Article in a newspaper -- 5-4-6:  Article in a magazine -- 5-4-7:  Review -- 5-4-8:  Abstract in an abstracts journal -- 5-4-9:  anonymous article -- 5-4-10:  Editorial -- 5-4-11:  Letter to the editor -- 5-4-12:  Serialized article -- 5-4-13:  Special issue -- 5-5:  Citing non periodical print publications -- 5-5-1:  Introduction -- 5-5-2:  Book by a single author -- 5-5-3:  Anthology or a compilation -- 5-5-4:  Book by two or more authors -- 5-5-5:  Book by a corporate author -- 5-5-6:  Work in an anthology -- 5-5-7:  Article in a reference book -- 5-5-8:  Introduction, a preface, a foreword, or an afterword -- 5-5-9:  Anonymous book -- 5-5-10:  Scholarly edition -- 5-5-11:  Translation -- 5-5-12:  Illustrated book or a graphic narrative -- 5-5-13:  Book published in a second or subsequent edition -- 5-5-14:  Multivolume work -- 5-5-15:  Book in a series -- 5-5-16:  Republished book or journal issue -- 5-5-17:  Publisher's imprint -- 5-5-18:  Book with multiple publishers -- 5-5-19:  Brochure, pamphlet, or press release -- 5-5-20:  Government publication -- 5-5-21:  Published proceedings of a conference -- 5-5-22:  Book in a language other than English -- 5-5-23:  Book published before 1900 -- 5-5-24:  Book without stated publication information or pagination -- 5-5-25:  Unpublished dissertation -- 5-5-26:  Published dissertation -- 5-6:  Citing Web publications -- 5-6-1:  Introduction -- 5-6-2:  Nonperiodical publication -- 5-6-3:  Scholarly journal -- 5-6-4:  Periodical publication in an online database -- 5-7:  Citing additional common sources -- 5-7-1:  Television or radio broadcast -- 5-7-2:  Sound recording -- 5-7-3:  Film or a video recording -- 5-7-4:  Performance -- 5-7-5:  Musical score or libretto -- 5-7-6:  Work of visual art -- 5-7-7:  Interview -- 5-7-8:  Map or chart -- 5-7-9:  Cartoon or comic strip -- 5-7-10:  Advertisement -- 5-7-11:  Lecture, a speech, an address, or a reading -- 5-7-12:  Manuscript or typescript -- 5-7-13:  Letter, a memo, or an e-mail message -- 5-7-14:  Legal source -- 5-7-15:  Article in a microform collection of articles -- 5-7-16:  Article reprinted in a loose-leaf collection of articles -- 5-7-17:  Publication on CD-ROM or DVD-ROM -- 5-7-18:  Digital file -- 5-8:  Work in more than one publication medium --</marc:subfield>
          </marc:datafield>
          <marc:datafield ind1="0" ind2=" " tag="505">
            <marc:subfield code="a">Chapter 6:  Documentation:  Citing Sources In The Text -- 6-1:  Parenthetical documentation and the list of works cited -- 6-2:  Information required in parenthetical documentation -- 6-3:  Readability -- 6-4:  Sample references -- 6-4-1:  Citing an entire work, including a work with no page numbers -- 6-4-2:  Citing part of a work -- 6-4-3:  Citing volume and page numbers of a multivolume work -- 6-4-4:  Citing a work listed by title -- 6-4-5:  Citing a work by a corporate author -- 6-4-6:  Citing two or more works by the same author or authors -- 6-4-7:  Citing indirect sources -- 6-4-8:  Citing common literature -- 6-4-9:  Citing more than one work in a single parenthetical reference -- 6-5:  Using notes with parenthetical documentation -- 6-5-1:  Content notes -- 6-5-2:  Bibliographic notes -- Chapter 7:  Abbreviations -- 7-1:  Introduction -- 7-2:  Time designations -- 7-3:  Geographic names -- 7-4:  Common scholarly abbreviations and reference words -- 7-5:  Publishers' names -- 7-6:  Symbols and abbreviations used in proofreading and correction -- 7-6-1:  Selected proofreading symbols -- 7-6-2:  Common correction symbols and abbreviations -- 7-7:  Titles of works -- 7-7-1:  Bible -- 7-7-2:  Works by Shakespeare -- 7-7-3:  Works by Chaucer -- 7-7-4:  Other works -- Appendix A:  Guides To Writing -- A-1:  Introduction -- A-2:  Dictionaries of usage -- A-3:  Guides to nondiscriminatory language -- A-4:  Books on style -- Appendix B:  Specialized Style Manuals -- Index.</marc:subfield>
          </marc:datafield>
          <marc:datafield ind1=" " ind2=" " tag="520">
            <marc:subfield code="a">From the Publisher: The MLA Handbook is published by the Modern Language Association, the authority on MLA documentation style.  Widely adopted in high schools, colleges, and publishing houses, the MLA Handbook treats every aspect of research writing, from selecting a topic to submitting the completed paper.  The seventh edition is a comprehensive, up-to-date guide to research and writing in the online environment.  It provides an authoritative account of MLA documentation style for use in student writing, including simplified guidelines for citing works published on the Web and new recommendations for citing several kinds of works, such as digital files and graphic narratives.</marc:subfield>
          </marc:datafield>
          <marc:datafield ind1=" " ind2="0" tag="650">
            <marc:subfield code="a">Report writing</marc:subfield>
            <marc:subfield code="v">Handbooks, manuals, etc.</marc:subfield>
          </marc:datafield>
          <marc:datafield ind1=" " ind2="0" tag="650">
            <marc:subfield code="a">Research</marc:subfield>
            <marc:subfield code="v">Handbooks, manuals, etc.</marc:subfield>
          </marc:datafield>
          <marc:datafield ind1="1" ind2="7" tag="650">
            <marc:subfield code="a">Wetenschappelijke teksten.</marc:subfield>
            <marc:subfield code="2">gtt</marc:subfield>
          </marc:datafield>
          <marc:datafield ind1="1" ind2="7" tag="650">
            <marc:subfield code="a">Schrijven.</marc:subfield>
            <marc:subfield code="2">gtt</marc:subfield>
          </marc:datafield>
          <marc:datafield ind1="1" ind2="7" tag="650">
            <marc:subfield code="a">Stijlen.</marc:subfield>
            <marc:subfield code="2">gtt</marc:subfield>
          </marc:datafield>
          <marc:datafield ind1="1" ind2="7" tag="650">
            <marc:subfield code="a">Schrijfvaardigheid.</marc:subfield>
            <marc:subfield code="2">gtt</marc:subfield>
          </marc:datafield>
          <marc:datafield ind1="1" ind2=" " tag="700">
            <marc:subfield code="a">Gibaldi, Joseph,</marc:subfield>
            <marc:subfield code="d">1942-</marc:subfield>
            <marc:subfield code="t">MLA handbook for writers of research papers.</marc:subfield>
          </marc:datafield>
          <marc:datafield ind1="2" ind2=" " tag="710">
            <marc:subfield code="a">Modern Language Association of America.</marc:subfield>
          </marc:datafield>
          <marc:datafield ind1=" " ind2=" " tag="938">
            <marc:subfield code="a">Baker and Taylor</marc:subfield>
            <marc:subfield code="b">BTCP</marc:subfield>
            <marc:subfield code="n">BK0008101003</marc:subfield>
          </marc:datafield>
          <marc:datafield ind1=" " ind2=" " tag="938">
            <marc:subfield code="a">Coutts Information Services</marc:subfield>
            <marc:subfield code="b">COUT</marc:subfield>
            <marc:subfield code="n">9189181</marc:subfield>
          </marc:datafield>
          <marc:datafield ind1=" " ind2=" " tag="938">
            <marc:subfield code="a">YBP Library Services</marc:subfield>
            <marc:subfield code="b">YANK</marc:subfield>
            <marc:subfield code="n">2937882</marc:subfield>
          </marc:datafield>
          <marc:datafield ind1=" " ind2=" " tag="938">
            <marc:subfield code="a">Ingram</marc:subfield>
            <marc:subfield code="b">INGR</marc:subfield>
            <marc:subfield code="n">9781603290241</marc:subfield>
          </marc:datafield>
          <marc:datafield ind1=" " ind2=" " tag="994">
            <marc:subfield code="a">C0</marc:subfield>
            <marc:subfield code="b">IAS</marc:subfield>
          </marc:datafield>
          <marc:datafield tag="931" ind1=" " ind2=" ">
            <marc:subfield code="a">Text</marc:subfield>
            <marc:subfield code="5">UIUdb</marc:subfield>
          </marc:datafield>
          <marc:datafield tag="932" ind1=" " ind2=" ">
            <marc:subfield code="a">Language material</marc:subfield>
            <marc:subfield code="5">UIUdb</marc:subfield>
          </marc:datafield>
          <marc:datafield tag="933" ind1=" " ind2=" ">
            <marc:subfield code="a">Text</marc:subfield>
            <marc:subfield code="5">UIUdb</marc:subfield>
          </marc:datafield>
          <marc:datafield tag="935" ind1=" " ind2=" ">
            <marc:subfield code="a">Monograph/Item</marc:subfield>
            <marc:subfield code="5">UIUdb</marc:subfield>
          </marc:datafield>
          <marc:datafield tag="937" ind1=" " ind2=" ">
            <marc:subfield code="a">Non-Fiction</marc:subfield>
            <marc:subfield code="5">UIUdb</marc:subfield>
          </marc:datafield>
          <marc:datafield tag="941" ind1=" " ind2=" ">
            <marc:subfield code="a">eng</marc:subfield>
            <marc:subfield code="5">UIUdb</marc:subfield>
          </marc:datafield>
          <marc:datafield tag="943" ind1=" " ind2=" ">
            <marc:subfield code="a">English</marc:subfield>
            <marc:subfield code="5">UIUdb</marc:subfield>
          </marc:datafield>
          <marc:datafield tag="947" ind1=" " ind2=" ">
            <marc:subfield code="a">9781603290241 </marc:subfield>
            <marc:subfield code="5">UIUdb</marc:subfield>
          </marc:datafield>
          <marc:datafield tag="947" ind1=" " ind2=" ">
            <marc:subfield code="a">1603290249 </marc:subfield>
            <marc:subfield code="5">UIUdb</marc:subfield>
          </marc:datafield>
          <marc:datafield tag="947" ind1=" " ind2=" ">
            <marc:subfield code="a">9781603290258 </marc:subfield>
            <marc:subfield code="5">UIUdb</marc:subfield>
          </marc:datafield>
          <marc:datafield tag="947" ind1=" " ind2=" ">
            <marc:subfield code="a">1603290257 </marc:subfield>
            <marc:subfield code="5">UIUdb</marc:subfield>
          </marc:datafield>
          <marc:datafield tag="130" ind1="0" ind2=" ">
            <marc:subfield code="a">MLA handbook for writers of research papers.</marc:subfield>
          </marc:datafield>
          <marc:datafield tag="965" ind1=" " ind2="0">
            <marc:subfield code="a">Report writing</marc:subfield>
            <marc:subfield code="5">UIUdb</marc:subfield>
          </marc:datafield>
          <marc:datafield tag="965" ind1=" " ind2="0">
            <marc:subfield code="a">Research</marc:subfield>
            <marc:subfield code="5">UIUdb</marc:subfield>
          </marc:datafield>
          <marc:datafield tag="969" ind1=" " ind2="0">
            <marc:subfield code="v">Handbooks, manuals, etc.</marc:subfield>
            <marc:subfield code="5">UIUdb</marc:subfield>
          </marc:datafield>
        </marc:record>
      </metadata>
    </record>
    <record>
      <header>
        <identifier>oai:mst.rochester.edu:MetadataServicesToolkit/marcnormalization/576</identifier>
        <datestamp>2012-01-09T19:09:09Z</datestamp>
        <setSpec>MARCXMLholding</setSpec>
      </header>
      <metadata>
        <marc:record xmlns:marc="http://www.loc.gov/MARC21/slim" xmlns:xsi="http://www.w3.org/2001/XMLSchema-instance" xsi:schemaLocation="http://www.loc.gov/MARC21/slim http://localhost:8080/OAIToolkit/schema/MARC21slim_custom.xsd">
          <marc:leader>00203cx  a22000971  4500</marc:leader>
          <marc:controlfield tag="001">481029</marc:controlfield>
          <marc:controlfield tag="003">UISdb</marc:controlfield>
          <marc:controlfield tag="004">480002</marc:controlfield>
          <marc:controlfield tag="005">20100122113324.0</marc:controlfield>
          <marc:controlfield tag="008">0912150u||||8|||4001uu|||0000000</marc:controlfield>
          <marc:datafield ind1="0" ind2=" " tag="852">
            <marc:subfield code="b">Ref.Desk</marc:subfield>
            <marc:subfield code="h">LB2369</marc:subfield>
            <marc:subfield code="i">.G53 2009</marc:subfield>
            <marc:subfield code="t">1</marc:subfield>
          </marc:datafield>
        </marc:record>
      </metadata>
    </record>
    <record>
      <header>
        <identifier>oai:mst.rochester.edu:MetadataServicesToolkit/marcnormalization/577</identifier>
        <datestamp>2012-01-09T19:09:09Z</datestamp>
        <setSpec>MARCXMLholding</setSpec>
      </header>
      <metadata>
        <marc:record xmlns:marc="http://www.loc.gov/MARC21/slim" xmlns:xsi="http://www.w3.org/2001/XMLSchema-instance" xsi:schemaLocation="http://www.loc.gov/MARC21/slim http://localhost:8080/OAIToolkit/schema/MARC21slim_custom.xsd">
          <marc:leader>00204nx  a22000974  4500</marc:leader>
          <marc:controlfield tag="001">481700</marc:controlfield>
          <marc:controlfield tag="003">UISdb</marc:controlfield>
          <marc:controlfield tag="004">480002</marc:controlfield>
          <marc:controlfield tag="005">20100122113738.0</marc:controlfield>
          <marc:controlfield tag="008">1001224u    8   1001uu   0901128</marc:controlfield>
          <marc:datafield ind1="0" ind2=" " tag="852">
            <marc:subfield code="b">Reference</marc:subfield>
            <marc:subfield code="h">LB2369</marc:subfield>
            <marc:subfield code="i">.G53 2009</marc:subfield>
            <marc:subfield code="t">2</marc:subfield>
          </marc:datafield>
        </marc:record>
      </metadata>
    </record>