
    <record>
      <header>
        <identifier>oai:mst.rochester.edu:MetadataServicesToolkit/marcnormalization/597</identifier>
        <datestamp>2012-01-09T19:09:09Z</datestamp>
        <setSpec>MARCXMLbibliographic</setSpec>
      </header>
      <metadata>
        <marc:record xmlns:marc="http://www.loc.gov/MARC21/slim" xmlns:xsi="http://www.w3.org/2001/XMLSchema-instance" xsi:schemaLocation="http://www.loc.gov/MARC21/slim http://localhost:8080/OAIToolkit/schema/MARC21slim_custom.xsd">
          <marc:leader>02496cam a2200385 a 4500</marc:leader>
          <marc:controlfield tag="001">5774782</marc:controlfield>
          <marc:controlfield tag="003">UIUdb</marc:controlfield>
          <marc:controlfield tag="005">20100421201439.0</marc:controlfield>
          <marc:controlfield tag="008">080318s2009    paua     b    001 0 eng  </marc:controlfield>
          <marc:datafield ind1=" " ind2=" " tag="010">
            <marc:subfield code="a">  2008012509</marc:subfield>
          </marc:datafield>
          <marc:datafield ind1=" " ind2=" " tag="015">
            <marc:subfield code="a">GBA8E1548</marc:subfield>
            <marc:subfield code="2">bnb</marc:subfield>
          </marc:datafield>
          <marc:datafield ind1="7" ind2=" " tag="016">
            <marc:subfield code="a">014857987</marc:subfield>
            <marc:subfield code="2">Uk</marc:subfield>
          </marc:datafield>
          <marc:datafield ind1=" " ind2=" " tag="020">
            <marc:subfield code="a">9781592139514 (alk. paper)</marc:subfield>
          </marc:datafield>
          <marc:datafield ind1=" " ind2=" " tag="020">
            <marc:subfield code="a">1592139515 (alk. paper)</marc:subfield>
          </marc:datafield>
          <marc:datafield ind1=" " ind2=" " tag="020">
            <marc:subfield code="a">9781592139521 (pbk. : alk. paper)</marc:subfield>
          </marc:datafield>
          <marc:datafield ind1=" " ind2=" " tag="020">
            <marc:subfield code="a">1592139523 (pbk. : alk. paper)</marc:subfield>
          </marc:datafield>
          <marc:datafield ind1=" " ind2=" " tag="035">
            <marc:subfield code="a">(OCoLC)213765828</marc:subfield>
          </marc:datafield>
          <marc:datafield ind1=" " ind2=" " tag="040">
            <marc:subfield code="a">DLC</marc:subfield>
            <marc:subfield code="c">DLC</marc:subfield>
            <marc:subfield code="d">BTCTA</marc:subfield>
            <marc:subfield code="d">BAKER</marc:subfield>
            <marc:subfield code="d">YDXCP</marc:subfield>
            <marc:subfield code="d">UKM</marc:subfield>
            <marc:subfield code="d">C#P</marc:subfield>
            <marc:subfield code="d">BWX</marc:subfield>
            <marc:subfield code="d">CDX</marc:subfield>
            <marc:subfield code="d">LMR</marc:subfield>
            <marc:subfield code="d">SGB</marc:subfield>
          </marc:datafield>
          <marc:datafield ind1=" " ind2=" " tag="049">
            <marc:subfield code="a">UIUU</marc:subfield>
          </marc:datafield>
          <marc:datafield ind1="0" ind2="0" tag="050">
            <marc:subfield code="a">HV6046</marc:subfield>
            <marc:subfield code="b">.D39 2009</marc:subfield>
          </marc:datafield>
          <marc:datafield ind1="0" ind2="0" tag="082">
            <marc:subfield code="a">364.36082</marc:subfield>
            <marc:subfield code="2">22</marc:subfield>
          </marc:datafield>
          <marc:datafield ind1="0" ind2="4" tag="245">
            <marc:subfield code="a">The delinquent girl /</marc:subfield>
            <marc:subfield code="c">edited by Margaret A. Zahn.</marc:subfield>
          </marc:datafield>
          <marc:datafield ind1=" " ind2=" " tag="260">
            <marc:subfield code="a">Philadelphia :</marc:subfield>
            <marc:subfield code="b">Temple University Press,</marc:subfield>
            <marc:subfield code="c">2009.</marc:subfield>
          </marc:datafield>
          <marc:datafield ind1=" " ind2=" " tag="300">
            <marc:subfield code="a">xiv, 343 p. :</marc:subfield>
            <marc:subfield code="b">ill. ;</marc:subfield>
            <marc:subfield code="c">24 cm.</marc:subfield>
          </marc:datafield>
          <marc:datafield ind1=" " ind2=" " tag="504">
            <marc:subfield code="a">Includes bibliographical references (p. [273]-324) and index.</marc:subfield>
          </marc:datafield>
          <marc:datafield ind1="0" ind2="0" tag="505">
            <marc:subfield code="g">Introduction --</marc:subfield>
            <marc:subfield code="t">The contribution of "mainstream" theories to the explanation of female delinquency /</marc:subfield>
            <marc:subfield code="r">Robert Agnew --</marc:subfield>
            <marc:subfield code="t">Feminist theories of girls' delinquency /</marc:subfield>
            <marc:subfield code="r">Jody Miller,</marc:subfield>
            <marc:subfield code="r">Christopher W. Mullins --</marc:subfield>
            <marc:subfield code="t">Trends in girls' delinquency and the gender gap: statistical assessment of diverse sources /</marc:subfield>
            <marc:subfield code="r">Darrell Steffensmeier,</marc:subfield>
            <marc:subfield code="r">Jennifer Schwartz --</marc:subfield>
            <marc:subfield code="t">Biopsychological factors, gender, and delinquency /</marc:subfield>
            <marc:subfield code="r">Diana Fishbein,</marc:subfield>
            <marc:subfield code="r">Shari Miller,</marc:subfield>
            <marc:subfield code="r">Donna Marie Winn,</marc:subfield>
            <marc:subfield code="r">Gayle Dakof --</marc:subfield>
            <marc:subfield code="t">Family influences on girls' delinquency /</marc:subfield>
            <marc:subfield code="r">Candace Kruttschnitt,</marc:subfield>
            <marc:subfield code="r">Peggy Giordano --</marc:subfield>
            <marc:subfield code="t">Peer influences on girls' delinquency /</marc:subfield>
            <marc:subfield code="r">Peggy Giordano --</marc:subfield>
            <marc:subfield code="g">Girls, schooling, and delinquency /</marc:subfield>
            <marc:subfield code="r">Allison Ann Payne,</marc:subfield>
            <marc:subfield code="r">Denise C. Gottfredson,</marc:subfield>
            <marc:subfield code="r">Candace Kruttschnitt --</marc:subfield>
            <marc:subfield code="t">Gender differences in neighborhood effects and delinquency /</marc:subfield>
            <marc:subfield code="r">Margaret A. Zahn,</marc:subfield>
            <marc:subfield code="r">Angela Browne --</marc:subfield>
            <marc:subfield code="t">The context of girls' violence: peer groups, families, schools, and communities /</marc:subfield>
            <marc:subfield code="r">Merry Morash,</marc:subfield>
            <marc:subfield code="r">Meda Chesney-Lind --</marc:subfield>
            <marc:subfield code="g">Young women and street gangs /</marc:subfield>
            <marc:subfield code="r">Jody Miller --</marc:subfield>
            <marc:subfield code="g">Girls in the juvenile justice system /</marc:subfield>
            <marc:subfield code="r">Barry C. Feld --</marc:subfield>
            <marc:subfield code="g">Appendix:</marc:subfield>
            <marc:subfield code="t">Girls study group members --</marc:subfield>
            <marc:subfield code="g">References.</marc:subfield>
          </marc:datafield>
          <marc:datafield ind1=" " ind2="0" tag="650">
            <marc:subfield code="a">Female juvenile delinquents.</marc:subfield>
          </marc:datafield>
          <marc:datafield ind1="1" ind2=" " tag="700">
            <marc:subfield code="a">Zahn, Margaret A.</marc:subfield>
          </marc:datafield>
          <marc:datafield ind1="4" ind2="1" tag="856">
            <marc:subfield code="3">Table of contents only</marc:subfield>
            <marc:subfield code="u">http://www.loc.gov/catdir/toc/ecip0813/2008012509.html</marc:subfield>
          </marc:datafield>
          <marc:datafield ind1=" " ind2=" " tag="938">
            <marc:subfield code="a">Baker &amp; Taylor</marc:subfield>
            <marc:subfield code="b">BKTY</marc:subfield>
            <marc:subfield code="c">54.50</marc:subfield>
            <marc:subfield code="d">54.50</marc:subfield>
            <marc:subfield code="i">1592139515</marc:subfield>
            <marc:subfield code="n">0007711051</marc:subfield>
            <marc:subfield code="s">active</marc:subfield>
          </marc:datafield>
          <marc:datafield ind1=" " ind2=" " tag="938">
            <marc:subfield code="a">YBP Library Services</marc:subfield>
            <marc:subfield code="b">YANK</marc:subfield>
            <marc:subfield code="n">2862359</marc:subfield>
          </marc:datafield>
          <marc:datafield ind1=" " ind2=" " tag="938">
            <marc:subfield code="a">Blackwell Book Service</marc:subfield>
            <marc:subfield code="b">BBUS</marc:subfield>
            <marc:subfield code="n">R3762300</marc:subfield>
            <marc:subfield code="c">$54.50</marc:subfield>
          </marc:datafield>
          <marc:datafield ind1=" " ind2=" " tag="938">
            <marc:subfield code="a">Baker and Taylor</marc:subfield>
            <marc:subfield code="b">BTCP</marc:subfield>
            <marc:subfield code="n">BK0008564170</marc:subfield>
          </marc:datafield>
          <marc:datafield ind1=" " ind2=" " tag="938">
            <marc:subfield code="a">Coutts Information Services</marc:subfield>
            <marc:subfield code="b">COUT</marc:subfield>
            <marc:subfield code="n">7937850</marc:subfield>
            <marc:subfield code="c">20.99 GBP</marc:subfield>
          </marc:datafield>
          <marc:datafield ind1=" " ind2=" " tag="994">
            <marc:subfield code="a">02</marc:subfield>
            <marc:subfield code="b">UIU</marc:subfield>
          </marc:datafield>
          <marc:datafield tag="931" ind1=" " ind2=" ">
            <marc:subfield code="a">Text</marc:subfield>
            <marc:subfield code="5">UIUdb</marc:subfield>
          </marc:datafield>
          <marc:datafield tag="932" ind1=" " ind2=" ">
            <marc:subfield code="a">Language material</marc:subfield>
            <marc:subfield code="5">UIUdb</marc:subfield>
          </marc:datafield>
          <marc:datafield tag="933" ind1=" " ind2=" ">
            <marc:subfield code="a">Text</marc:subfield>
            <marc:subfield code="5">UIUdb</marc:subfield>
          </marc:datafield>
          <marc:datafield tag="935" ind1=" " ind2=" ">
            <marc:subfield code="a">Monograph/Item</marc:subfield>
            <marc:subfield code="5">UIUdb</marc:subfield>
          </marc:datafield>
          <marc:datafield tag="035" ind1=" " ind2=" ">
            <marc:subfield code="a">(UIUdb)5774782</marc:subfield>
          </marc:datafield>
          <marc:datafield tag="937" ind1=" " ind2=" ">
            <marc:subfield code="a">Non-Fiction</marc:subfield>
            <marc:subfield code="5">UIUdb</marc:subfield>
          </marc:datafield>
          <marc:datafield tag="941" ind1=" " ind2=" ">
            <marc:subfield code="a">eng</marc:subfield>
            <marc:subfield code="5">UIUdb</marc:subfield>
          </marc:datafield>
          <marc:datafield tag="943" ind1=" " ind2=" ">
            <marc:subfield code="a">English</marc:subfield>
            <marc:subfield code="5">UIUdb</marc:subfield>
          </marc:datafield>
          <marc:datafield tag="947" ind1=" " ind2=" ">
            <marc:subfield code="a">9781592139514 </marc:subfield>
            <marc:subfield code="5">UIUdb</marc:subfield>
          </marc:datafield>
          <marc:datafield tag="947" ind1=" " ind2=" ">
            <marc:subfield code="a">1592139515 </marc:subfield>
            <marc:subfield code="5">UIUdb</marc:subfield>
          </marc:datafield>
          <marc:datafield tag="947" ind1=" " ind2=" ">
            <marc:subfield code="a">9781592139521 </marc:subfield>
            <marc:subfield code="5">UIUdb</marc:subfield>
          </marc:datafield>
          <marc:datafield tag="947" ind1=" " ind2=" ">
            <marc:subfield code="a">1592139523 </marc:subfield>
            <marc:subfield code="5">UIUdb</marc:subfield>
          </marc:datafield>
          <marc:datafield tag="130" ind1="0" ind2=" ">
            <marc:subfield code="a">Delinquent girl /</marc:subfield>
          </marc:datafield>
        </marc:record>
      </metadata>
    </record>
    <record>
      <header>
        <identifier>oai:mst.rochester.edu:MetadataServicesToolkit/marcnormalization/598</identifier>
        <datestamp>2012-01-09T19:09:09Z</datestamp>
        <setSpec>MARCXMLholding</setSpec>
      </header>
      <metadata>
        <marc:record xmlns:marc="http://www.loc.gov/MARC21/slim" xmlns:xsi="http://www.w3.org/2001/XMLSchema-instance" xsi:schemaLocation="http://www.loc.gov/MARC21/slim http://localhost:8080/OAIToolkit/schema/MARC21slim_custom.xsd">
          <marc:leader>00198cx  a22000971  4500</marc:leader>
          <marc:controlfield tag="001">6495418</marc:controlfield>
          <marc:controlfield tag="003">UIUdb</marc:controlfield>
          <marc:controlfield tag="004">5774782</marc:controlfield>
          <marc:controlfield tag="005">20090220150443.0</marc:controlfield>
          <marc:controlfield tag="008">0902090u||||8|||4001uu|||0000000</marc:controlfield>
          <marc:datafield ind1="1" ind2=" " tag="852">
            <marc:subfield code="b">edx</marc:subfield>
            <marc:subfield code="h">364.36082</marc:subfield>
            <marc:subfield code="i">D379</marc:subfield>
            <marc:subfield code="t">1</marc:subfield>
          </marc:datafield>
        </marc:record>
      </metadata>
    </record>