
    <record>
      <header>
        <identifier>oai:mst.rochester.edu:MetadataServicesToolkit/marcnormalization/610</identifier>
        <datestamp>2012-01-09T19:09:09Z</datestamp>
        <setSpec>MARCXMLbibliographic</setSpec>
      </header>
      <metadata>
        <marc:record xmlns:marc="http://www.loc.gov/MARC21/slim" xmlns:xsi="http://www.w3.org/2001/XMLSchema-instance" xsi:schemaLocation="http://www.loc.gov/MARC21/slim http://localhost:8080/OAIToolkit/schema/MARC21slim_custom.xsd">
          <marc:leader>02652cas a2200517 a 4500</marc:leader>
          <marc:controlfield tag="001">116388</marc:controlfield>
          <marc:controlfield tag="003">UIUdb</marc:controlfield>
          <marc:controlfield tag="005">20100907204436.0</marc:controlfield>
          <marc:controlfield tag="008">740108c19749999dcuar    f   f0   a0eng  </marc:controlfield>
          <marc:datafield ind1=" " ind2=" " tag="010">
            <marc:subfield code="a">   73646537</marc:subfield>
            <marc:subfield code="z"> 73064653</marc:subfield>
          </marc:datafield>
          <marc:datafield ind1="7" ind2=" " tag="016">
            <marc:subfield code="a">0424210</marc:subfield>
            <marc:subfield code="2">DNLM</marc:subfield>
          </marc:datafield>
          <marc:datafield ind1="7" ind2=" " tag="016">
            <marc:subfield code="a">U02800000</marc:subfield>
            <marc:subfield code="2">DNLM</marc:subfield>
          </marc:datafield>
          <marc:datafield ind1=" " ind2=" " tag="019">
            <marc:subfield code="a">963015</marc:subfield>
            <marc:subfield code="a">3077581</marc:subfield>
            <marc:subfield code="a">5841032</marc:subfield>
            <marc:subfield code="a">14346043</marc:subfield>
          </marc:datafield>
          <marc:datafield ind1=" " ind2=" " tag="022">
            <marc:subfield code="a">0092-1904</marc:subfield>
            <marc:subfield code="l">0092-1904</marc:subfield>
            <marc:subfield code="2">1</marc:subfield>
          </marc:datafield>
          <marc:datafield ind1=" " ind2=" " tag="035">
            <marc:subfield code="a">(OCoLC)1788884</marc:subfield>
          </marc:datafield>
          <marc:datafield ind1=" " ind2=" " tag="037">
            <marc:subfield code="b">Supt. of Docs., U.S. Govt. Print. Off., Mail: Stop SSOP, Washington, DC 20402</marc:subfield>
          </marc:datafield>
          <marc:datafield ind1=" " ind2=" " tag="040">
            <marc:subfield code="a">DLC</marc:subfield>
            <marc:subfield code="c">DLC</marc:subfield>
            <marc:subfield code="d">OCL</marc:subfield>
            <marc:subfield code="d">DLC</marc:subfield>
            <marc:subfield code="d">GPO</marc:subfield>
            <marc:subfield code="d">NST</marc:subfield>
            <marc:subfield code="d">HUL</marc:subfield>
            <marc:subfield code="d">NSD</marc:subfield>
            <marc:subfield code="d">AGL</marc:subfield>
            <marc:subfield code="d">NLM</marc:subfield>
            <marc:subfield code="d">GPO</marc:subfield>
            <marc:subfield code="d">MvI</marc:subfield>
          </marc:datafield>
          <marc:datafield ind1=" " ind2=" " tag="042">
            <marc:subfield code="a">pcc</marc:subfield>
            <marc:subfield code="a">nsdp</marc:subfield>
          </marc:datafield>
          <marc:datafield ind1=" " ind2=" " tag="043">
            <marc:subfield code="a">n-us---</marc:subfield>
          </marc:datafield>
          <marc:datafield ind1=" " ind2=" " tag="049">
            <marc:subfield code="a">U5UE</marc:subfield>
            <marc:subfield code="q">ONLINEDOC.</marc:subfield>
          </marc:datafield>
          <marc:datafield ind1="0" ind2="0" tag="050">
            <marc:subfield code="a">JK421</marc:subfield>
            <marc:subfield code="b">.A3</marc:subfield>
          </marc:datafield>
          <marc:datafield ind1=" " ind2=" " tag="074">
            <marc:subfield code="a">0577</marc:subfield>
          </marc:datafield>
          <marc:datafield ind1="0" ind2=" " tag="086">
            <marc:subfield code="a">GS 4.109:</marc:subfield>
          </marc:datafield>
          <marc:datafield ind1="0" ind2=" " tag="086">
            <marc:subfield code="a">AE 2.108/2:</marc:subfield>
          </marc:datafield>
          <marc:datafield ind1="0" ind2=" " tag="130">
            <marc:subfield code="a">United States government manual (Washington, D.C. : 1973)</marc:subfield>
          </marc:datafield>
          <marc:datafield ind1="0" ind2=" " tag="210">
            <marc:subfield code="a">U.S. gov. man.</marc:subfield>
            <marc:subfield code="b">(1974)</marc:subfield>
          </marc:datafield>
          <marc:datafield ind1=" " ind2="0" tag="222">
            <marc:subfield code="a">United States government manual</marc:subfield>
            <marc:subfield code="b">(1974)</marc:subfield>
          </marc:datafield>
          <marc:datafield ind1="1" ind2="4" tag="245">
            <marc:subfield code="a">The United States government manual.</marc:subfield>
          </marc:datafield>
          <marc:datafield ind1=" " ind2=" " tag="260">
            <marc:subfield code="a">Washington, D.C. :</marc:subfield>
            <marc:subfield code="b">Office of the Federal Register, National Archives and Records Service, General Services Administration :</marc:subfield>
            <marc:subfield code="b">For sale by the Supt. of Docs., U.S. G.P.O.,</marc:subfield>
            <marc:subfield code="c">[1973]-</marc:subfield>
          </marc:datafield>
          <marc:datafield ind1=" " ind2=" " tag="300">
            <marc:subfield code="a">v. :</marc:subfield>
            <marc:subfield code="b">ill. ;</marc:subfield>
            <marc:subfield code="c">24 cm.</marc:subfield>
          </marc:datafield>
          <marc:datafield ind1=" " ind2=" " tag="310">
            <marc:subfield code="a">Annual</marc:subfield>
          </marc:datafield>
          <marc:datafield ind1="0" ind2=" " tag="362">
            <marc:subfield code="a">1973/74-</marc:subfield>
          </marc:datafield>
          <marc:datafield ind1=" " ind2=" " tag="500">
            <marc:subfield code="a">Published as a special edition of the Federal register.</marc:subfield>
          </marc:datafield>
          <marc:datafield ind1=" " ind2=" " tag="500">
            <marc:subfield code="a">Latest issue consulted: 2007/2008.</marc:subfield>
          </marc:datafield>
          <marc:datafield ind1=" " ind2=" " tag="530">
            <marc:subfield code="a">Some issues also available via the Internet from the GPO Access web site. Address as of 5/21/09: http://www.gpoaccess.gov/gmanual/browse.html ; current access is available via PURL.</marc:subfield>
          </marc:datafield>
          <marc:datafield ind1=" " ind2=" " tag="550">
            <marc:subfield code="a">Vols. for 1985/86- published by the Office of the Federal Register, National Archives and Records Administration.</marc:subfield>
          </marc:datafield>
          <marc:datafield ind1=" " ind2="0" tag="650">
            <marc:subfield code="a">Executive departments</marc:subfield>
            <marc:subfield code="z">United States</marc:subfield>
            <marc:subfield code="v">Handbooks, manuals, etc.</marc:subfield>
          </marc:datafield>
          <marc:datafield ind1=" " ind2="0" tag="650">
            <marc:subfield code="a">Administrative agencies</marc:subfield>
            <marc:subfield code="z">United States</marc:subfield>
            <marc:subfield code="v">Handbooks, manuals, etc.</marc:subfield>
          </marc:datafield>
          <marc:datafield ind1=" " ind2="0" tag="651">
            <marc:subfield code="a">United States</marc:subfield>
            <marc:subfield code="x">Politics and government</marc:subfield>
            <marc:subfield code="v">Handbooks, manuals, etc.</marc:subfield>
          </marc:datafield>
          <marc:datafield ind1="1" ind2=" " tag="710">
            <marc:subfield code="a">United States.</marc:subfield>
            <marc:subfield code="b">Office of the Federal Register.</marc:subfield>
          </marc:datafield>
          <marc:datafield ind1="1" ind2=" " tag="776">
            <marc:subfield code="t">United States government manual (Washington, D.C. : 1973 : Online)</marc:subfield>
            <marc:subfield code="x">1949-7717</marc:subfield>
            <marc:subfield code="w">(DLC)  2009231050</marc:subfield>
            <marc:subfield code="w">(OCoLC)41031145</marc:subfield>
          </marc:datafield>
          <marc:datafield ind1="0" ind2="0" tag="780">
            <marc:subfield code="t">United States government organization manual</marc:subfield>
            <marc:subfield code="x">0083-1174</marc:subfield>
            <marc:subfield code="w">(DLC)   35026025</marc:subfield>
            <marc:subfield code="w">(OCoLC)8508797</marc:subfield>
          </marc:datafield>
          <marc:datafield ind1=" " ind2=" " tag="850">
            <marc:subfield code="a">AAP</marc:subfield>
            <marc:subfield code="a">AU</marc:subfield>
            <marc:subfield code="a">CSf</marc:subfield>
            <marc:subfield code="a">CSt</marc:subfield>
            <marc:subfield code="a">CU</marc:subfield>
            <marc:subfield code="a">CU-Riv</marc:subfield>
            <marc:subfield code="a">CU-S</marc:subfield>
            <marc:subfield code="a">CU-SB</marc:subfield>
            <marc:subfield code="a">CaNBFU</marc:subfield>
            <marc:subfield code="a">CtHT</marc:subfield>
            <marc:subfield code="a">CtY-L</marc:subfield>
            <marc:subfield code="a">DLC</marc:subfield>
            <marc:subfield code="a">DNAL</marc:subfield>
            <marc:subfield code="a">DeU</marc:subfield>
            <marc:subfield code="a">FU</marc:subfield>
            <marc:subfield code="a">IC</marc:subfield>
            <marc:subfield code="a">ICA</marc:subfield>
            <marc:subfield code="a">ICRL</marc:subfield>
            <marc:subfield code="a">IaU</marc:subfield>
            <marc:subfield code="a">InU</marc:subfield>
            <marc:subfield code="a">KMK</marc:subfield>
            <marc:subfield code="a">LU</marc:subfield>
            <marc:subfield code="a">MBCo</marc:subfield>
            <marc:subfield code="a">MH-BA</marc:subfield>
            <marc:subfield code="a">MH-CS</marc:subfield>
            <marc:subfield code="a">MH-Ed</marc:subfield>
            <marc:subfield code="a">MH-GM</marc:subfield>
            <marc:subfield code="a">MH-GS</marc:subfield>
            <marc:subfield code="a">MH-Hi</marc:subfield>
            <marc:subfield code="a">MH-KG</marc:subfield>
            <marc:subfield code="a">MH-L</marc:subfield>
            <marc:subfield code="a">MH-SD</marc:subfield>
            <marc:subfield code="a">MH-Z</marc:subfield>
            <marc:subfield code="a">MnU</marc:subfield>
            <marc:subfield code="a">MoSU</marc:subfield>
            <marc:subfield code="a">MtBC</marc:subfield>
            <marc:subfield code="a">N</marc:subfield>
            <marc:subfield code="a">NNC</marc:subfield>
            <marc:subfield code="a">NcD</marc:subfield>
            <marc:subfield code="a">NcD-L</marc:subfield>
            <marc:subfield code="a">NcU</marc:subfield>
            <marc:subfield code="a">NvU</marc:subfield>
            <marc:subfield code="a">OCU</marc:subfield>
            <marc:subfield code="a">OU</marc:subfield>
            <marc:subfield code="a">OrU</marc:subfield>
            <marc:subfield code="a">OrU-S</marc:subfield>
            <marc:subfield code="a">ViRCU-H</marc:subfield>
            <marc:subfield code="a">ViU</marc:subfield>
          </marc:datafield>
          <marc:datafield ind1="4" ind2="1" tag="856">
            <marc:subfield code="u">http://purl.access.gpo.gov/GPO/LPS2410</marc:subfield>
          </marc:datafield>
          <marc:datafield ind1="3" ind2="3" tag="891">
            <marc:subfield code="9">853</marc:subfield>
            <marc:subfield code="8">1</marc:subfield>
            <marc:subfield code="a">(year/year)</marc:subfield>
          </marc:datafield>
          <marc:datafield ind1="4" ind2="0" tag="891">
            <marc:subfield code="9">863</marc:subfield>
            <marc:subfield code="8">1</marc:subfield>
            <marc:subfield code="a">&lt;1977/1978&gt;-</marc:subfield>
            <marc:subfield code="x">provisional</marc:subfield>
          </marc:datafield>
          <marc:datafield tag="931" ind1=" " ind2=" ">
            <marc:subfield code="a">Text</marc:subfield>
            <marc:subfield code="5">UIUdb</marc:subfield>
          </marc:datafield>
          <marc:datafield tag="932" ind1=" " ind2=" ">
            <marc:subfield code="a">Language material</marc:subfield>
            <marc:subfield code="5">UIUdb</marc:subfield>
          </marc:datafield>
          <marc:datafield tag="933" ind1=" " ind2=" ">
            <marc:subfield code="a">Text</marc:subfield>
            <marc:subfield code="5">UIUdb</marc:subfield>
          </marc:datafield>
          <marc:datafield tag="935" ind1=" " ind2=" ">
            <marc:subfield code="a">Serial</marc:subfield>
            <marc:subfield code="5">UIUdb</marc:subfield>
          </marc:datafield>
          <marc:datafield tag="035" ind1=" " ind2=" ">
            <marc:subfield code="a">(UIUdb)116388</marc:subfield>
          </marc:datafield>
          <marc:datafield tag="937" ind1=" " ind2=" ">
            <marc:subfield code="a">Non-Fiction</marc:subfield>
            <marc:subfield code="5">UIUdb</marc:subfield>
          </marc:datafield>
          <marc:datafield tag="939" ind1=" " ind2=" ">
            <marc:subfield code="a">1974-    </marc:subfield>
            <marc:subfield code="5">UIUdb</marc:subfield>
          </marc:datafield>
          <marc:datafield tag="941" ind1=" " ind2=" ">
            <marc:subfield code="a">eng</marc:subfield>
            <marc:subfield code="5">UIUdb</marc:subfield>
          </marc:datafield>
          <marc:datafield tag="943" ind1=" " ind2=" ">
            <marc:subfield code="a">English</marc:subfield>
            <marc:subfield code="5">UIUdb</marc:subfield>
          </marc:datafield>
          <marc:datafield tag="965" ind1=" " ind2="0">
            <marc:subfield code="a">Executive departments</marc:subfield>
            <marc:subfield code="5">UIUdb</marc:subfield>
          </marc:datafield>
          <marc:datafield tag="965" ind1=" " ind2="0">
            <marc:subfield code="a">Administrative agencies</marc:subfield>
            <marc:subfield code="5">UIUdb</marc:subfield>
          </marc:datafield>
          <marc:datafield tag="965" ind1=" " ind2="0">
            <marc:subfield code="x">Politics and government</marc:subfield>
            <marc:subfield code="5">UIUdb</marc:subfield>
          </marc:datafield>
          <marc:datafield tag="967" ind1=" " ind2="0">
            <marc:subfield code="a">United States</marc:subfield>
            <marc:subfield code="5">UIUdb</marc:subfield>
          </marc:datafield>
          <marc:datafield tag="969" ind1=" " ind2="0">
            <marc:subfield code="v">Handbooks, manuals, etc.</marc:subfield>
            <marc:subfield code="5">UIUdb</marc:subfield>
          </marc:datafield>
          <marc:datafield tag="246" ind1="3" ind2="0">
            <marc:subfield code="a">United States government manual.</marc:subfield>
          </marc:datafield>
        </marc:record>
      </metadata>
    </record>
    <record>
      <header>
        <identifier>oai:mst.rochester.edu:MetadataServicesToolkit/marcnormalization/611</identifier>
        <datestamp>2012-01-09T19:09:09Z</datestamp>
        <setSpec>MARCXMLholding</setSpec>
      </header>
      <metadata>
        <marc:record xmlns:marc="http://www.loc.gov/MARC21/slim" xmlns:xsi="http://www.w3.org/2001/XMLSchema-instance" xsi:schemaLocation="http://www.loc.gov/MARC21/slim http://localhost:8080/OAIToolkit/schema/MARC21slim_custom.xsd">
          <marc:leader>00336cy  a22001455  4500</marc:leader>
          <marc:controlfield tag="001">155290</marc:controlfield>
          <marc:controlfield tag="003">UIUdb</marc:controlfield>
          <marc:controlfield tag="004">116388</marc:controlfield>
          <marc:controlfield tag="007">ta</marc:controlfield>
          <marc:controlfield tag="008">9808040u    0   0001uueng0980804</marc:controlfield>
          <marc:datafield ind1="0" ind2=" " tag="014">
            <marc:subfield code="9">CUW-6693</marc:subfield>
          </marc:datafield>
          <marc:datafield ind1="1" ind2=" " tag="852">
            <marc:subfield code="b">agx-nc</marc:subfield>
            <marc:subfield code="h">353</marc:subfield>
            <marc:subfield code="i">Un343u1</marc:subfield>
            <marc:subfield code="t">7</marc:subfield>
            <marc:subfield code="x">(Marked by yr./yr.; No standing order)</marc:subfield>
          </marc:datafield>
          <marc:datafield ind1="2" ind2="3" tag="853">
            <marc:subfield code="8">1</marc:subfield>
            <marc:subfield code="a">(yr.)</marc:subfield>
            <marc:subfield code="t">c.</marc:subfield>
          </marc:datafield>
          <marc:datafield ind1="4" ind2="0" tag="863">
            <marc:subfield code="8">1.5002</marc:subfield>
            <marc:subfield code="a">1996/97</marc:subfield>
            <marc:subfield code="t">7</marc:subfield>
          </marc:datafield>
        </marc:record>
      </metadata>
    </record>
    <record>
      <header>
        <identifier>oai:mst.rochester.edu:MetadataServicesToolkit/marcnormalization/612</identifier>
        <datestamp>2012-01-09T19:09:09Z</datestamp>
        <setSpec>MARCXMLholding</setSpec>
      </header>
      <metadata>
        <marc:record xmlns:marc="http://www.loc.gov/MARC21/slim" xmlns:xsi="http://www.w3.org/2001/XMLSchema-instance" xsi:schemaLocation="http://www.loc.gov/MARC21/slim http://localhost:8080/OAIToolkit/schema/MARC21slim_custom.xsd">
          <marc:leader>00374cy  a22001575  4500</marc:leader>
          <marc:controlfield tag="001">155291</marc:controlfield>
          <marc:controlfield tag="003">UIUdb</marc:controlfield>
          <marc:controlfield tag="004">116388</marc:controlfield>
          <marc:controlfield tag="007">ta</marc:controlfield>
          <marc:controlfield tag="008">9808040u    0   0001uueng0980804</marc:controlfield>
          <marc:datafield ind1="0" ind2=" " tag="014">
            <marc:subfield code="9">CUW-6693</marc:subfield>
          </marc:datafield>
          <marc:datafield ind1="1" ind2=" " tag="852">
            <marc:subfield code="b">agx-nc</marc:subfield>
            <marc:subfield code="h">353</marc:subfield>
            <marc:subfield code="i">Un343u1</marc:subfield>
            <marc:subfield code="t">17</marc:subfield>
            <marc:subfield code="x">(Marked by yr./yr.; No standing order)</marc:subfield>
          </marc:datafield>
          <marc:datafield ind1="2" ind2="3" tag="853">
            <marc:subfield code="8">1</marc:subfield>
            <marc:subfield code="a">(yr.)</marc:subfield>
            <marc:subfield code="t">c.</marc:subfield>
          </marc:datafield>
          <marc:datafield ind1="4" ind2="0" tag="863">
            <marc:subfield code="8">1.5000</marc:subfield>
            <marc:subfield code="a">1997/98</marc:subfield>
            <marc:subfield code="t">17</marc:subfield>
          </marc:datafield>
          <marc:datafield ind1="4" ind2="0" tag="863">
            <marc:subfield code="8">1.5012</marc:subfield>
            <marc:subfield code="a">1990/91</marc:subfield>
            <marc:subfield code="t">17</marc:subfield>
          </marc:datafield>
        </marc:record>
      </metadata>
    </record>
    <record>
      <header>
        <identifier>oai:mst.rochester.edu:MetadataServicesToolkit/marcnormalization/613</identifier>
        <datestamp>2012-01-09T19:09:09Z</datestamp>
        <setSpec>MARCXMLholding</setSpec>
      </header>
      <metadata>
        <marc:record xmlns:marc="http://www.loc.gov/MARC21/slim" xmlns:xsi="http://www.w3.org/2001/XMLSchema-instance" xsi:schemaLocation="http://www.loc.gov/MARC21/slim http://localhost:8080/OAIToolkit/schema/MARC21slim_custom.xsd">
          <marc:leader>00458cy  a22001455  4500</marc:leader>
          <marc:controlfield tag="001">155292</marc:controlfield>
          <marc:controlfield tag="003">UIUdb</marc:controlfield>
          <marc:controlfield tag="004">116388</marc:controlfield>
          <marc:controlfield tag="007">ta</marc:controlfield>
          <marc:controlfield tag="008">9808040u    0   0001uueng0980804</marc:controlfield>
          <marc:datafield ind1="0" ind2=" " tag="014">
            <marc:subfield code="9">CUW-6701</marc:subfield>
          </marc:datafield>
          <marc:datafield ind1="1" ind2=" " tag="852">
            <marc:subfield code="b">agr-nc</marc:subfield>
            <marc:subfield code="h">353</marc:subfield>
            <marc:subfield code="i">Un343u1</marc:subfield>
            <marc:subfield code="t">7</marc:subfield>
            <marc:subfield code="x">(Marked by yr./yr.)</marc:subfield>
            <marc:subfield code="z">Latest vol. in Agriculture Library</marc:subfield>
            <marc:subfield code="z">Next vol. in Applied Life Studies Library</marc:subfield>
            <marc:subfield code="z">Previous vols. not retained</marc:subfield>
            <marc:subfield code="z">For earlier vols. see 353Un343u</marc:subfield>
          </marc:datafield>
          <marc:datafield ind1="2" ind2="3" tag="853">
            <marc:subfield code="8">1</marc:subfield>
            <marc:subfield code="a">(yr.)</marc:subfield>
            <marc:subfield code="t">c.</marc:subfield>
          </marc:datafield>
          <marc:datafield ind1="4" ind2="0" tag="863">
            <marc:subfield code="8">1.5002</marc:subfield>
            <marc:subfield code="a">1993/94</marc:subfield>
            <marc:subfield code="t">7</marc:subfield>
          </marc:datafield>
        </marc:record>
      </metadata>
    </record>
    <record>
      <header>
        <identifier>oai:mst.rochester.edu:MetadataServicesToolkit/marcnormalization/614</identifier>
        <datestamp>2012-01-09T19:09:09Z</datestamp>
        <setSpec>MARCXMLholding</setSpec>
      </header>
      <metadata>
        <marc:record xmlns:marc="http://www.loc.gov/MARC21/slim" xmlns:xsi="http://www.w3.org/2001/XMLSchema-instance" xsi:schemaLocation="http://www.loc.gov/MARC21/slim http://localhost:8080/OAIToolkit/schema/MARC21slim_custom.xsd">
          <marc:leader>00458cy  a22001455  4500</marc:leader>
          <marc:controlfield tag="001">155293</marc:controlfield>
          <marc:controlfield tag="003">UIUdb</marc:controlfield>
          <marc:controlfield tag="004">116388</marc:controlfield>
          <marc:controlfield tag="007">ta</marc:controlfield>
          <marc:controlfield tag="008">9808040u    0   0001uueng0980804</marc:controlfield>
          <marc:datafield ind1="0" ind2=" " tag="014">
            <marc:subfield code="9">CUW-6709</marc:subfield>
          </marc:datafield>
          <marc:datafield ind1="1" ind2=" " tag="852">
            <marc:subfield code="b">alr-nc</marc:subfield>
            <marc:subfield code="h">353</marc:subfield>
            <marc:subfield code="i">Un343u1</marc:subfield>
            <marc:subfield code="t">7</marc:subfield>
            <marc:subfield code="x">(Marked by yr./yr.)</marc:subfield>
            <marc:subfield code="z">Latest vol. in Agriculture Library</marc:subfield>
            <marc:subfield code="z">Next vol. in Applied Life Studies Library</marc:subfield>
            <marc:subfield code="z">Previous vols. not retained</marc:subfield>
            <marc:subfield code="z">For earlier vols. see 353Un343u</marc:subfield>
          </marc:datafield>
          <marc:datafield ind1="2" ind2="3" tag="853">
            <marc:subfield code="8">1</marc:subfield>
            <marc:subfield code="a">(yr.)</marc:subfield>
            <marc:subfield code="t">c.</marc:subfield>
          </marc:datafield>
          <marc:datafield ind1="4" ind2="0" tag="863">
            <marc:subfield code="8">1.5000</marc:subfield>
            <marc:subfield code="a">1995/96</marc:subfield>
            <marc:subfield code="t">7</marc:subfield>
          </marc:datafield>
        </marc:record>
      </metadata>
    </record>
    <record>
      <header>
        <identifier>oai:mst.rochester.edu:MetadataServicesToolkit/marcnormalization/615</identifier>
        <datestamp>2012-01-09T19:09:09Z</datestamp>
        <setSpec>MARCXMLholding</setSpec>
      </header>
      <metadata>
        <marc:record xmlns:marc="http://www.loc.gov/MARC21/slim" xmlns:xsi="http://www.w3.org/2001/XMLSchema-instance" xsi:schemaLocation="http://www.loc.gov/MARC21/slim http://localhost:8080/OAIToolkit/schema/MARC21slim_custom.xsd">
          <marc:leader>00514cy  a22001695  4500</marc:leader>
          <marc:controlfield tag="001">155294</marc:controlfield>
          <marc:controlfield tag="003">UIUdb</marc:controlfield>
          <marc:controlfield tag="004">116388</marc:controlfield>
          <marc:controlfield tag="005">20030617145706.0</marc:controlfield>
          <marc:controlfield tag="007">ta</marc:controlfield>
          <marc:controlfield tag="008">9808040u    0   0001uueng0980804</marc:controlfield>
          <marc:datafield ind1="0" ind2=" " tag="014">
            <marc:subfield code="9">CUW-6719</marc:subfield>
          </marc:datafield>
          <marc:datafield ind1="1" ind2=" " tag="852">
            <marc:subfield code="b">wdn-nc</marc:subfield>
            <marc:subfield code="h">353</marc:subfield>
            <marc:subfield code="i">Un343u1</marc:subfield>
            <marc:subfield code="t">13</marc:subfield>
            <marc:subfield code="x">(Contin; Marked by yr./yr.)</marc:subfield>
            <marc:subfield code="z">Last vol. in Communications Library (Reference)</marc:subfield>
            <marc:subfield code="z">Previous vols. not retained.</marc:subfield>
            <marc:subfield code="z">Canceled</marc:subfield>
            <marc:subfield code="z">For earlier vols. see 353Un343u</marc:subfield>
          </marc:datafield>
          <marc:datafield ind1="2" ind2="3" tag="853">
            <marc:subfield code="8">1</marc:subfield>
            <marc:subfield code="a">(yr.)</marc:subfield>
            <marc:subfield code="t">c.</marc:subfield>
          </marc:datafield>
          <marc:datafield ind1="4" ind2="0" tag="863">
            <marc:subfield code="8">1.4994</marc:subfield>
            <marc:subfield code="a">2002-2003</marc:subfield>
          </marc:datafield>
          <marc:datafield ind1="4" ind2="0" tag="863">
            <marc:subfield code="8">1.4996</marc:subfield>
            <marc:subfield code="a">2001-2002</marc:subfield>
            <marc:subfield code="t">13</marc:subfield>
          </marc:datafield>
        </marc:record>
      </metadata>
    </record>
    <record>
      <header>
        <identifier>oai:mst.rochester.edu:MetadataServicesToolkit/marcnormalization/616</identifier>
        <datestamp>2012-01-09T19:09:09Z</datestamp>
        <setSpec>MARCXMLholding</setSpec>
      </header>
      <metadata>
        <marc:record xmlns:marc="http://www.loc.gov/MARC21/slim" xmlns:xsi="http://www.w3.org/2001/XMLSchema-instance" xsi:schemaLocation="http://www.loc.gov/MARC21/slim http://localhost:8080/OAIToolkit/schema/MARC21slim_custom.xsd">
          <marc:leader>00512cy  a22001815  4500</marc:leader>
          <marc:controlfield tag="001">155296</marc:controlfield>
          <marc:controlfield tag="003">UIUdb</marc:controlfield>
          <marc:controlfield tag="004">116388</marc:controlfield>
          <marc:controlfield tag="005">20081024104141.0</marc:controlfield>
          <marc:controlfield tag="007">ta</marc:controlfield>
          <marc:controlfield tag="008">9808040u    0   0002uueng0980804</marc:controlfield>
          <marc:datafield ind1="1" ind2=" " tag="852">
            <marc:subfield code="b">agx-nc</marc:subfield>
            <marc:subfield code="h">353</marc:subfield>
            <marc:subfield code="i">Un343u1</marc:subfield>
            <marc:subfield code="t">2</marc:subfield>
            <marc:subfield code="x">(Contin; Marked by yr.-yr.)</marc:subfield>
            <marc:subfield code="z">Last vol. in City Planning Library (Reference)</marc:subfield>
            <marc:subfield code="z">For earlier vols. see 353Un343u</marc:subfield>
          </marc:datafield>
          <marc:datafield ind1="2" ind2="3" tag="853">
            <marc:subfield code="8">1</marc:subfield>
            <marc:subfield code="a">(year)</marc:subfield>
          </marc:datafield>
          <marc:datafield ind1="4" ind2="0" tag="863">
            <marc:subfield code="8">1.4992</marc:subfield>
            <marc:subfield code="a">2003-2004</marc:subfield>
          </marc:datafield>
          <marc:datafield ind1="4" ind2="0" tag="863">
            <marc:subfield code="8">1.4994</marc:subfield>
            <marc:subfield code="a">2002-2003</marc:subfield>
          </marc:datafield>
          <marc:datafield ind1="4" ind2="0" tag="863">
            <marc:subfield code="8">1.4996</marc:subfield>
            <marc:subfield code="a">2001-2002</marc:subfield>
          </marc:datafield>
          <marc:datafield ind1="4" ind2="0" tag="863">
            <marc:subfield code="8">1.4998</marc:subfield>
            <marc:subfield code="a">2000-2001</marc:subfield>
          </marc:datafield>
          <marc:datafield ind1="4" ind2="0" tag="866">
            <marc:subfield code="8">1</marc:subfield>
            <marc:subfield code="a">2000-2004</marc:subfield>
          </marc:datafield>
        </marc:record>
      </metadata>
    </record>
    <record>
      <header>
        <identifier>oai:mst.rochester.edu:MetadataServicesToolkit/marcnormalization/617</identifier>
        <datestamp>2012-01-09T19:09:09Z</datestamp>
        <setSpec>MARCXMLholding</setSpec>
      </header>
      <metadata>
        <marc:record xmlns:marc="http://www.loc.gov/MARC21/slim" xmlns:xsi="http://www.w3.org/2001/XMLSchema-instance" xsi:schemaLocation="http://www.loc.gov/MARC21/slim http://localhost:8080/OAIToolkit/schema/MARC21slim_custom.xsd">
          <marc:leader>00463cy  a22001575  4500</marc:leader>
          <marc:controlfield tag="001">155299</marc:controlfield>
          <marc:controlfield tag="003">UIUdb</marc:controlfield>
          <marc:controlfield tag="004">116388</marc:controlfield>
          <marc:controlfield tag="005">20031016154534.0</marc:controlfield>
          <marc:controlfield tag="007">ta</marc:controlfield>
          <marc:controlfield tag="008">9808040u    0   0001uueng0980804</marc:controlfield>
          <marc:datafield ind1="0" ind2=" " tag="014">
            <marc:subfield code="9">CUW-6735</marc:subfield>
          </marc:datafield>
          <marc:datafield ind1="1" ind2=" " tag="852">
            <marc:subfield code="b">edr-nc</marc:subfield>
            <marc:subfield code="h">353</marc:subfield>
            <marc:subfield code="i">Un343u1</marc:subfield>
            <marc:subfield code="t">8</marc:subfield>
            <marc:subfield code="x">(Contin; Marked by yr.-yr.)</marc:subfield>
            <marc:subfield code="z">Last edition in Education Library (Reference)</marc:subfield>
            <marc:subfield code="z">Previous volumes not retained</marc:subfield>
            <marc:subfield code="z">For earlier volumes see 353Un343u</marc:subfield>
          </marc:datafield>
          <marc:datafield ind1="2" ind2="3" tag="853">
            <marc:subfield code="8">1</marc:subfield>
            <marc:subfield code="a">(year)</marc:subfield>
          </marc:datafield>
          <marc:datafield ind1="4" ind2="0" tag="863">
            <marc:subfield code="8">1.4992</marc:subfield>
            <marc:subfield code="a">2003-2004</marc:subfield>
          </marc:datafield>
        </marc:record>
      </metadata>
    </record>
    <record>
      <header>
        <identifier>oai:mst.rochester.edu:MetadataServicesToolkit/marcnormalization/618</identifier>
        <datestamp>2012-01-09T19:09:09Z</datestamp>
        <setSpec>MARCXMLholding</setSpec>
      </header>
      <metadata>
        <marc:record xmlns:marc="http://www.loc.gov/MARC21/slim" xmlns:xsi="http://www.w3.org/2001/XMLSchema-instance" xsi:schemaLocation="http://www.loc.gov/MARC21/slim http://localhost:8080/OAIToolkit/schema/MARC21slim_custom.xsd">
          <marc:leader>00358cy  a22001335  4500</marc:leader>
          <marc:controlfield tag="001">155303</marc:controlfield>
          <marc:controlfield tag="003">UIUdb</marc:controlfield>
          <marc:controlfield tag="004">116388</marc:controlfield>
          <marc:controlfield tag="005">20100914150725.0</marc:controlfield>
          <marc:controlfield tag="007">ta</marc:controlfield>
          <marc:controlfield tag="008">9808040u    0   0002uueng0980804</marc:controlfield>
          <marc:datafield ind1="1" ind2=" " tag="852">
            <marc:subfield code="b">stos</marc:subfield>
            <marc:subfield code="h">353</marc:subfield>
            <marc:subfield code="i">Un343u1</marc:subfield>
            <marc:subfield code="t">14</marc:subfield>
            <marc:subfield code="x">(Marked by yr.-yr.)</marc:subfield>
            <marc:subfield code="z">Latest issue in Geology Library</marc:subfield>
            <marc:subfield code="z">Earlier issues not retained</marc:subfield>
          </marc:datafield>
          <marc:datafield ind1="2" ind2="3" tag="853">
            <marc:subfield code="8">1</marc:subfield>
            <marc:subfield code="a">(year-year)</marc:subfield>
          </marc:datafield>
          <marc:datafield ind1="4" ind2="0" tag="863">
            <marc:subfield code="8">1.4996</marc:subfield>
            <marc:subfield code="a">2001-2002</marc:subfield>
          </marc:datafield>
        </marc:record>
      </metadata>
    </record>
    <record>
      <header>
        <identifier>oai:mst.rochester.edu:MetadataServicesToolkit/marcnormalization/619</identifier>
        <datestamp>2012-01-09T19:09:09Z</datestamp>
        <setSpec>MARCXMLholding</setSpec>
      </header>
      <metadata>
        <marc:record xmlns:marc="http://www.loc.gov/MARC21/slim" xmlns:xsi="http://www.w3.org/2001/XMLSchema-instance" xsi:schemaLocation="http://www.loc.gov/MARC21/slim http://localhost:8080/OAIToolkit/schema/MARC21slim_custom.xsd">
          <marc:leader>00385cy  a22001455  4500</marc:leader>
          <marc:controlfield tag="001">155305</marc:controlfield>
          <marc:controlfield tag="003">UIUdb</marc:controlfield>
          <marc:controlfield tag="004">116388</marc:controlfield>
          <marc:controlfield tag="007">ta</marc:controlfield>
          <marc:controlfield tag="008">9808040u    0   0001uueng0980804</marc:controlfield>
          <marc:datafield ind1="0" ind2=" " tag="014">
            <marc:subfield code="9">CUW-6775</marc:subfield>
          </marc:datafield>
          <marc:datafield ind1="1" ind2=" " tag="852">
            <marc:subfield code="b">irx-nc</marc:subfield>
            <marc:subfield code="h">353</marc:subfield>
            <marc:subfield code="i">Un343u1</marc:subfield>
            <marc:subfield code="t">11</marc:subfield>
            <marc:subfield code="x">(Marked by yr./yr.)</marc:subfield>
            <marc:subfield code="z">Copy 11 has 1995/96. Cancelled.</marc:subfield>
            <marc:subfield code="z">For earlier vols. see 353Un343u</marc:subfield>
          </marc:datafield>
          <marc:datafield ind1="2" ind2="3" tag="853">
            <marc:subfield code="8">1</marc:subfield>
            <marc:subfield code="a">(yr.)</marc:subfield>
            <marc:subfield code="t">c.</marc:subfield>
          </marc:datafield>
          <marc:datafield ind1="4" ind2="0" tag="863">
            <marc:subfield code="8">1.5000</marc:subfield>
            <marc:subfield code="a">1995/96</marc:subfield>
            <marc:subfield code="t">11</marc:subfield>
          </marc:datafield>
        </marc:record>
      </metadata>
    </record>
    <record>
      <header>
        <identifier>oai:mst.rochester.edu:MetadataServicesToolkit/marcnormalization/620</identifier>
        <datestamp>2012-01-09T19:09:09Z</datestamp>
        <setSpec>MARCXMLholding</setSpec>
      </header>
      <metadata>
        <marc:record xmlns:marc="http://www.loc.gov/MARC21/slim" xmlns:xsi="http://www.w3.org/2001/XMLSchema-instance" xsi:schemaLocation="http://www.loc.gov/MARC21/slim http://localhost:8080/OAIToolkit/schema/MARC21slim_custom.xsd">
          <marc:leader>01511cy  a22004811  4500</marc:leader>
          <marc:controlfield tag="001">155306</marc:controlfield>
          <marc:controlfield tag="003">UIUdb</marc:controlfield>
          <marc:controlfield tag="004">116388</marc:controlfield>
          <marc:controlfield tag="005">20100914150523.0</marc:controlfield>
          <marc:controlfield tag="008">0103300u    0   0001uu   0010330</marc:controlfield>
          <marc:datafield ind1="0" ind2=" " tag="852">
            <marc:subfield code="b">stos</marc:subfield>
            <marc:subfield code="k">DOC.</marc:subfield>
            <marc:subfield code="h">AE 2.108/2:</marc:subfield>
            <marc:subfield code="t">2</marc:subfield>
            <marc:subfield code="x">(Marked by yr. or yr.-yr.)</marc:subfield>
            <marc:subfield code="z">For earlier volumes search United States government organization manual.</marc:subfield>
            <marc:subfield code="z">Volumes after 2003 are under call no. JK421.A3.</marc:subfield>
          </marc:datafield>
          <marc:datafield ind1="2" ind2="3" tag="853">
            <marc:subfield code="8">1</marc:subfield>
            <marc:subfield code="a">(year)</marc:subfield>
          </marc:datafield>
          <marc:datafield ind1="4" ind2="1" tag="856">
            <marc:subfield code="u">http://purl.access.gpo.gov/GPO/LPS2410</marc:subfield>
            <marc:subfield code="z">user may browse a specific issue or search for specific terms in one or more issues</marc:subfield>
          </marc:datafield>
          <marc:datafield ind1="4" ind2="3" tag="863">
            <marc:subfield code="8">1.4996</marc:subfield>
            <marc:subfield code="a">2001-2002</marc:subfield>
          </marc:datafield>
          <marc:datafield ind1="4" ind2="3" tag="863">
            <marc:subfield code="8">1.4998</marc:subfield>
            <marc:subfield code="a">2000-2001</marc:subfield>
          </marc:datafield>
          <marc:datafield ind1="4" ind2="3" tag="863">
            <marc:subfield code="8">1.5000</marc:subfield>
            <marc:subfield code="a">1999-2000</marc:subfield>
          </marc:datafield>
          <marc:datafield ind1="4" ind2="3" tag="863">
            <marc:subfield code="8">1.5002</marc:subfield>
            <marc:subfield code="a">1998-1999</marc:subfield>
          </marc:datafield>
          <marc:datafield ind1="4" ind2="3" tag="863">
            <marc:subfield code="8">1.5004</marc:subfield>
            <marc:subfield code="a">1997-1998</marc:subfield>
          </marc:datafield>
          <marc:datafield ind1="4" ind2="3" tag="863">
            <marc:subfield code="8">1.5006</marc:subfield>
            <marc:subfield code="a">1996-1997</marc:subfield>
          </marc:datafield>
          <marc:datafield ind1="4" ind2="3" tag="863">
            <marc:subfield code="8">1.5008</marc:subfield>
            <marc:subfield code="a">1995-1996</marc:subfield>
          </marc:datafield>
          <marc:datafield ind1="4" ind2="3" tag="863">
            <marc:subfield code="8">1.5010</marc:subfield>
            <marc:subfield code="a">1994-1995</marc:subfield>
          </marc:datafield>
          <marc:datafield ind1="4" ind2="3" tag="863">
            <marc:subfield code="8">1.5012</marc:subfield>
            <marc:subfield code="a">1993-1994</marc:subfield>
          </marc:datafield>
          <marc:datafield ind1="4" ind2="3" tag="863">
            <marc:subfield code="8">1.5014</marc:subfield>
            <marc:subfield code="a">1992-1993</marc:subfield>
          </marc:datafield>
          <marc:datafield ind1="4" ind2="3" tag="863">
            <marc:subfield code="8">1.5016</marc:subfield>
            <marc:subfield code="a">1991-1992</marc:subfield>
          </marc:datafield>
          <marc:datafield ind1="4" ind2="3" tag="863">
            <marc:subfield code="8">1.5018</marc:subfield>
            <marc:subfield code="a">1990-1991</marc:subfield>
          </marc:datafield>
          <marc:datafield ind1="4" ind2="3" tag="863">
            <marc:subfield code="8">1.5020</marc:subfield>
            <marc:subfield code="a">1989-1990</marc:subfield>
          </marc:datafield>
          <marc:datafield ind1="4" ind2="3" tag="863">
            <marc:subfield code="8">1.5022</marc:subfield>
            <marc:subfield code="a">1988-1989</marc:subfield>
          </marc:datafield>
          <marc:datafield ind1="4" ind2="3" tag="863">
            <marc:subfield code="8">1.5024</marc:subfield>
            <marc:subfield code="a">1987-1988</marc:subfield>
          </marc:datafield>
          <marc:datafield ind1="4" ind2="3" tag="863">
            <marc:subfield code="8">1.5026</marc:subfield>
            <marc:subfield code="a">1986-1987</marc:subfield>
          </marc:datafield>
          <marc:datafield ind1="4" ind2="3" tag="863">
            <marc:subfield code="8">1.5028</marc:subfield>
            <marc:subfield code="a">1985-1986</marc:subfield>
          </marc:datafield>
          <marc:datafield ind1="4" ind2="3" tag="863">
            <marc:subfield code="8">1.5030</marc:subfield>
            <marc:subfield code="a">1984-1985</marc:subfield>
          </marc:datafield>
          <marc:datafield ind1="4" ind2="3" tag="863">
            <marc:subfield code="8">1.5032</marc:subfield>
            <marc:subfield code="a">1983-1984</marc:subfield>
          </marc:datafield>
          <marc:datafield ind1="4" ind2="3" tag="863">
            <marc:subfield code="8">1.5034</marc:subfield>
            <marc:subfield code="a">1982-1983</marc:subfield>
          </marc:datafield>
          <marc:datafield ind1="4" ind2="3" tag="863">
            <marc:subfield code="8">1.5036</marc:subfield>
            <marc:subfield code="a">1981-1982</marc:subfield>
          </marc:datafield>
          <marc:datafield ind1="4" ind2="3" tag="863">
            <marc:subfield code="8">1.5038</marc:subfield>
            <marc:subfield code="a">1980-1981</marc:subfield>
          </marc:datafield>
          <marc:datafield ind1="4" ind2="3" tag="863">
            <marc:subfield code="8">1.5040</marc:subfield>
            <marc:subfield code="a">1979-1980</marc:subfield>
          </marc:datafield>
          <marc:datafield ind1="4" ind2="3" tag="863">
            <marc:subfield code="8">1.5042</marc:subfield>
            <marc:subfield code="a">1978-1979</marc:subfield>
          </marc:datafield>
          <marc:datafield ind1="4" ind2="3" tag="863">
            <marc:subfield code="8">1.5044</marc:subfield>
            <marc:subfield code="a">1977</marc:subfield>
          </marc:datafield>
          <marc:datafield ind1="4" ind2="3" tag="863">
            <marc:subfield code="8">1.5046</marc:subfield>
            <marc:subfield code="a">1976</marc:subfield>
          </marc:datafield>
          <marc:datafield ind1="4" ind2="3" tag="863">
            <marc:subfield code="8">1.5048</marc:subfield>
            <marc:subfield code="a">1975</marc:subfield>
          </marc:datafield>
          <marc:datafield ind1="4" ind2="3" tag="863">
            <marc:subfield code="8">1.5050</marc:subfield>
            <marc:subfield code="a">1974</marc:subfield>
          </marc:datafield>
          <marc:datafield ind1="4" ind2="3" tag="863">
            <marc:subfield code="8">1.5052</marc:subfield>
            <marc:subfield code="a">1973</marc:subfield>
          </marc:datafield>
          <marc:datafield ind1="4" ind2="0" tag="866">
            <marc:subfield code="8">1</marc:subfield>
            <marc:subfield code="a">1973-2001/2002</marc:subfield>
          </marc:datafield>
        </marc:record>
      </metadata>
    </record>
    <record>
      <header>
        <identifier>oai:mst.rochester.edu:MetadataServicesToolkit/marcnormalization/621</identifier>
        <datestamp>2012-01-09T19:09:09Z</datestamp>
        <setSpec>MARCXMLholding</setSpec>
      </header>
      <metadata>
        <marc:record xmlns:marc="http://www.loc.gov/MARC21/slim" xmlns:xsi="http://www.w3.org/2001/XMLSchema-instance" xsi:schemaLocation="http://www.loc.gov/MARC21/slim http://localhost:8080/OAIToolkit/schema/MARC21slim_custom.xsd">
          <marc:leader>00331cy  a22001331  4500</marc:leader>
          <marc:controlfield tag="001">155307</marc:controlfield>
          <marc:controlfield tag="003">UIUdb</marc:controlfield>
          <marc:controlfield tag="004">116388</marc:controlfield>
          <marc:controlfield tag="005">20081020113129.0</marc:controlfield>
          <marc:controlfield tag="008">9907140u    0   0001uu   0990714</marc:controlfield>
          <marc:datafield ind1="0" ind2=" " tag="014">
            <marc:subfield code="a">DUQ-5187</marc:subfield>
          </marc:datafield>
          <marc:datafield ind1="0" ind2=" " tag="852">
            <marc:subfield code="b">lar-nc</marc:subfield>
            <marc:subfield code="h">JK421</marc:subfield>
            <marc:subfield code="i">.A3</marc:subfield>
            <marc:subfield code="t">2</marc:subfield>
            <marc:subfield code="x">(Marked by yr.)</marc:subfield>
            <marc:subfield code="z">Earlier volumes at Oak Street Facility.</marc:subfield>
          </marc:datafield>
          <marc:datafield ind1=" " ind2="0" tag="866">
            <marc:subfield code="8">0</marc:subfield>
            <marc:subfield code="a">2009/2010</marc:subfield>
          </marc:datafield>
        </marc:record>
      </metadata>
    </record>
    <record>
      <header>
        <identifier>oai:mst.rochester.edu:MetadataServicesToolkit/marcnormalization/622</identifier>
        <datestamp>2012-01-09T19:09:09Z</datestamp>
        <setSpec>MARCXMLholding</setSpec>
      </header>
      <metadata>
        <marc:record xmlns:marc="http://www.loc.gov/MARC21/slim" xmlns:xsi="http://www.w3.org/2001/XMLSchema-instance" xsi:schemaLocation="http://www.loc.gov/MARC21/slim http://localhost:8080/OAIToolkit/schema/MARC21slim_custom.xsd">
          <marc:leader>00312cy  a22001335  4500</marc:leader>
          <marc:controlfield tag="001">155311</marc:controlfield>
          <marc:controlfield tag="003">UIUdb</marc:controlfield>
          <marc:controlfield tag="004">116388</marc:controlfield>
          <marc:controlfield tag="005">20100914150641.0</marc:controlfield>
          <marc:controlfield tag="007">ta</marc:controlfield>
          <marc:controlfield tag="008">9808040u    0   0001uueng0980804</marc:controlfield>
          <marc:datafield ind1="1" ind2=" " tag="852">
            <marc:subfield code="b">stos</marc:subfield>
            <marc:subfield code="h">353</marc:subfield>
            <marc:subfield code="i">Un343u1</marc:subfield>
            <marc:subfield code="t">6</marc:subfield>
            <marc:subfield code="x">(Marked by yr./yr.; No standing order)</marc:subfield>
          </marc:datafield>
          <marc:datafield ind1="2" ind2="3" tag="853">
            <marc:subfield code="8">1</marc:subfield>
            <marc:subfield code="a">(year/year)</marc:subfield>
          </marc:datafield>
          <marc:datafield ind1="4" ind2="0" tag="863">
            <marc:subfield code="8">1.5000</marc:subfield>
            <marc:subfield code="a">1987/88</marc:subfield>
          </marc:datafield>
        </marc:record>
      </metadata>
    </record>
    <record>
      <header>
        <identifier>oai:mst.rochester.edu:MetadataServicesToolkit/marcnormalization/623</identifier>
        <datestamp>2012-01-09T19:09:09Z</datestamp>
        <setSpec>MARCXMLholding</setSpec>
      </header>
      <metadata>
        <marc:record xmlns:marc="http://www.loc.gov/MARC21/slim" xmlns:xsi="http://www.w3.org/2001/XMLSchema-instance" xsi:schemaLocation="http://www.loc.gov/MARC21/slim http://localhost:8080/OAIToolkit/schema/MARC21slim_custom.xsd">
          <marc:leader>00501cy  a22001695  4500</marc:leader>
          <marc:controlfield tag="001">155312</marc:controlfield>
          <marc:controlfield tag="003">UIUdb</marc:controlfield>
          <marc:controlfield tag="004">116388</marc:controlfield>
          <marc:controlfield tag="005">20110307105248.0</marc:controlfield>
          <marc:controlfield tag="007">ta</marc:controlfield>
          <marc:controlfield tag="008">9808040u    0   0001uueng0980804</marc:controlfield>
          <marc:datafield ind1="0" ind2=" " tag="014">
            <marc:subfield code="9">CUW-6805</marc:subfield>
          </marc:datafield>
          <marc:datafield ind1="1" ind2=" " tag="852">
            <marc:subfield code="b">wdn-nc</marc:subfield>
            <marc:subfield code="h">353</marc:subfield>
            <marc:subfield code="i">Un343u1</marc:subfield>
            <marc:subfield code="t">14</marc:subfield>
            <marc:subfield code="x">(Contin; Marked by yr.-yr.)</marc:subfield>
            <marc:subfield code="z">Lastest vol. in Natural History Library (Reference)</marc:subfield>
            <marc:subfield code="z">Next vol. in Geology Library</marc:subfield>
            <marc:subfield code="z">For earlier vols. see 353Un343u</marc:subfield>
          </marc:datafield>
          <marc:datafield ind1="2" ind2="3" tag="853">
            <marc:subfield code="8">1</marc:subfield>
            <marc:subfield code="a">(year)</marc:subfield>
          </marc:datafield>
          <marc:datafield ind1="4" ind2="0" tag="863">
            <marc:subfield code="8">1.4992</marc:subfield>
            <marc:subfield code="a">2003-2004</marc:subfield>
          </marc:datafield>
          <marc:datafield ind1="4" ind2="0" tag="863">
            <marc:subfield code="8">1.4994</marc:subfield>
            <marc:subfield code="a">2002-2003</marc:subfield>
          </marc:datafield>
        </marc:record>
      </metadata>
    </record>
    <record>
      <header>
        <identifier>oai:mst.rochester.edu:MetadataServicesToolkit/marcnormalization/624</identifier>
        <datestamp>2012-01-09T19:09:09Z</datestamp>
        <setSpec>MARCXMLholding</setSpec>
      </header>
      <metadata>
        <marc:record xmlns:marc="http://www.loc.gov/MARC21/slim" xmlns:xsi="http://www.w3.org/2001/XMLSchema-instance" xsi:schemaLocation="http://www.loc.gov/MARC21/slim http://localhost:8080/OAIToolkit/schema/MARC21slim_custom.xsd">
          <marc:leader>00455cy  a22001335  4500</marc:leader>
          <marc:controlfield tag="001">155313</marc:controlfield>
          <marc:controlfield tag="003">UIUdb</marc:controlfield>
          <marc:controlfield tag="004">116388</marc:controlfield>
          <marc:controlfield tag="005">20100914150614.0</marc:controlfield>
          <marc:controlfield tag="007">ta</marc:controlfield>
          <marc:controlfield tag="008">9808040u    0   0002uueng1980804</marc:controlfield>
          <marc:datafield ind1="1" ind2=" " tag="852">
            <marc:subfield code="b">stos</marc:subfield>
            <marc:subfield code="h">353</marc:subfield>
            <marc:subfield code="i">Un343u1</marc:subfield>
            <marc:subfield code="t">1</marc:subfield>
            <marc:subfield code="x">(Contin; Marked by yr.-yr.)</marc:subfield>
            <marc:subfield code="z">Last vol. of copy 1 in Reference Library</marc:subfield>
            <marc:subfield code="z">Next 2 yrs. of copy 1 in Engineering Library</marc:subfield>
            <marc:subfield code="z">Previous vols. of copy 1 in Stacks</marc:subfield>
            <marc:subfield code="z">For earlier vols. see 353Un343u</marc:subfield>
          </marc:datafield>
          <marc:datafield ind1="2" ind2="3" tag="853">
            <marc:subfield code="8">1</marc:subfield>
            <marc:subfield code="a">(year)</marc:subfield>
          </marc:datafield>
          <marc:datafield ind1="4" ind2="0" tag="863">
            <marc:subfield code="8">1.4982</marc:subfield>
            <marc:subfield code="a">2003-2004</marc:subfield>
          </marc:datafield>
        </marc:record>
      </metadata>
    </record>
    <record>
      <header>
        <identifier>oai:mst.rochester.edu:MetadataServicesToolkit/marcnormalization/625</identifier>
        <datestamp>2012-01-09T19:09:09Z</datestamp>
        <setSpec>MARCXMLholding</setSpec>
      </header>
      <metadata>
        <marc:record xmlns:marc="http://www.loc.gov/MARC21/slim" xmlns:xsi="http://www.w3.org/2001/XMLSchema-instance" xsi:schemaLocation="http://www.loc.gov/MARC21/slim http://localhost:8080/OAIToolkit/schema/MARC21slim_custom.xsd">
          <marc:leader>00460cy  a22001215  4500</marc:leader>
          <marc:controlfield tag="001">155314</marc:controlfield>
          <marc:controlfield tag="003">UIUdb</marc:controlfield>
          <marc:controlfield tag="004">116388</marc:controlfield>
          <marc:controlfield tag="005">20100914145531.0</marc:controlfield>
          <marc:controlfield tag="007">ta</marc:controlfield>
          <marc:controlfield tag="008">9808040u    0   0002uueng1980804</marc:controlfield>
          <marc:datafield ind1="1" ind2=" " tag="852">
            <marc:subfield code="b">rex-nc</marc:subfield>
            <marc:subfield code="h">353</marc:subfield>
            <marc:subfield code="i">Un343u1</marc:subfield>
            <marc:subfield code="t">3</marc:subfield>
            <marc:subfield code="x">(Contin; Marked by yr.-yr.)</marc:subfield>
            <marc:subfield code="z">Copy 3 has 1995-1996 to date</marc:subfield>
            <marc:subfield code="z">Last vol. of copy 3 at Information Desk</marc:subfield>
            <marc:subfield code="z">Next to last vol. of copy 3 in Vet. Medicine library</marc:subfield>
            <marc:subfield code="z">Previous vols. of copy 3 in Stacks</marc:subfield>
            <marc:subfield code="z">For earlier vols. see 353Un343u</marc:subfield>
          </marc:datafield>
          <marc:datafield ind1="2" ind2="3" tag="853">
            <marc:subfield code="8">1</marc:subfield>
            <marc:subfield code="a">(year)</marc:subfield>
          </marc:datafield>
        </marc:record>
      </metadata>
    </record>
    <record>
      <header>
        <identifier>oai:mst.rochester.edu:MetadataServicesToolkit/marcnormalization/626</identifier>
        <datestamp>2012-01-09T19:09:09Z</datestamp>
        <setSpec>MARCXMLholding</setSpec>
      </header>
      <metadata>
        <marc:record xmlns:marc="http://www.loc.gov/MARC21/slim" xmlns:xsi="http://www.w3.org/2001/XMLSchema-instance" xsi:schemaLocation="http://www.loc.gov/MARC21/slim http://localhost:8080/OAIToolkit/schema/MARC21slim_custom.xsd">
          <marc:leader>01119cy  a22003975  4500</marc:leader>
          <marc:controlfield tag="001">155315</marc:controlfield>
          <marc:controlfield tag="003">UIUdb</marc:controlfield>
          <marc:controlfield tag="004">116388</marc:controlfield>
          <marc:controlfield tag="005">20100927161957.0</marc:controlfield>
          <marc:controlfield tag="007">ta</marc:controlfield>
          <marc:controlfield tag="008">9808040u    0   0005uueng1980804</marc:controlfield>
          <marc:datafield ind1="0" ind2=" " tag="014">
            <marc:subfield code="9">CUW-6818</marc:subfield>
          </marc:datafield>
          <marc:datafield ind1="1" ind2=" " tag="852">
            <marc:subfield code="b">stx</marc:subfield>
            <marc:subfield code="h">353</marc:subfield>
            <marc:subfield code="i">Un343u1</marc:subfield>
            <marc:subfield code="t">1</marc:subfield>
            <marc:subfield code="x">(Contin; Marked by yr./yr.)</marc:subfield>
            <marc:subfield code="z">Last vol. in Reference Library</marc:subfield>
            <marc:subfield code="z">For earlier vols. see 353Un343u</marc:subfield>
          </marc:datafield>
          <marc:datafield ind1="2" ind2="3" tag="853">
            <marc:subfield code="8">1</marc:subfield>
            <marc:subfield code="a">(year)</marc:subfield>
            <marc:subfield code="t">c.</marc:subfield>
          </marc:datafield>
          <marc:datafield ind1="4" ind2="0" tag="863">
            <marc:subfield code="8">1.4984</marc:subfield>
            <marc:subfield code="a">2002/2003</marc:subfield>
          </marc:datafield>
          <marc:datafield ind1="4" ind2="0" tag="863">
            <marc:subfield code="8">1.4978</marc:subfield>
            <marc:subfield code="a">2000/2001</marc:subfield>
            <marc:subfield code="t">1</marc:subfield>
          </marc:datafield>
          <marc:datafield ind1="4" ind2="0" tag="863">
            <marc:subfield code="8">1.4980</marc:subfield>
            <marc:subfield code="a">1999/2000</marc:subfield>
            <marc:subfield code="t">1</marc:subfield>
          </marc:datafield>
          <marc:datafield ind1="4" ind2="0" tag="863">
            <marc:subfield code="8">1.4996</marc:subfield>
            <marc:subfield code="a">1998/99</marc:subfield>
            <marc:subfield code="t">1</marc:subfield>
          </marc:datafield>
          <marc:datafield ind1="4" ind2="0" tag="863">
            <marc:subfield code="8">1.4982</marc:subfield>
            <marc:subfield code="a">1997/98</marc:subfield>
            <marc:subfield code="t">1</marc:subfield>
          </marc:datafield>
          <marc:datafield ind1="4" ind2="0" tag="863">
            <marc:subfield code="8">1.4992</marc:subfield>
            <marc:subfield code="a">1994/95</marc:subfield>
            <marc:subfield code="t">1</marc:subfield>
          </marc:datafield>
          <marc:datafield ind1="4" ind2="0" tag="863">
            <marc:subfield code="8">1.4996</marc:subfield>
            <marc:subfield code="a">1993/94</marc:subfield>
            <marc:subfield code="t">1</marc:subfield>
          </marc:datafield>
          <marc:datafield ind1="4" ind2="0" tag="863">
            <marc:subfield code="8">1.5000</marc:subfield>
            <marc:subfield code="a">1992/93</marc:subfield>
            <marc:subfield code="t">1</marc:subfield>
          </marc:datafield>
          <marc:datafield ind1="4" ind2="0" tag="863">
            <marc:subfield code="8">1.5004</marc:subfield>
            <marc:subfield code="a">1991/92</marc:subfield>
            <marc:subfield code="t">1</marc:subfield>
          </marc:datafield>
          <marc:datafield ind1="4" ind2="0" tag="863">
            <marc:subfield code="8">1.5009</marc:subfield>
            <marc:subfield code="a">1990/91</marc:subfield>
            <marc:subfield code="t">1</marc:subfield>
          </marc:datafield>
          <marc:datafield ind1="4" ind2="0" tag="863">
            <marc:subfield code="8">1.5012</marc:subfield>
            <marc:subfield code="a">1989/90</marc:subfield>
            <marc:subfield code="t">1</marc:subfield>
          </marc:datafield>
          <marc:datafield ind1="4" ind2="0" tag="863">
            <marc:subfield code="8">1.5016</marc:subfield>
            <marc:subfield code="a">1988/89</marc:subfield>
            <marc:subfield code="t">1</marc:subfield>
          </marc:datafield>
          <marc:datafield ind1="4" ind2="0" tag="863">
            <marc:subfield code="8">1.5020</marc:subfield>
            <marc:subfield code="a">1987/88</marc:subfield>
            <marc:subfield code="t">1</marc:subfield>
          </marc:datafield>
          <marc:datafield ind1="4" ind2="0" tag="863">
            <marc:subfield code="8">1.5024</marc:subfield>
            <marc:subfield code="a">1986/87</marc:subfield>
            <marc:subfield code="t">1</marc:subfield>
          </marc:datafield>
          <marc:datafield ind1="4" ind2="0" tag="863">
            <marc:subfield code="8">1.5028</marc:subfield>
            <marc:subfield code="a">1985/86</marc:subfield>
            <marc:subfield code="t">1</marc:subfield>
          </marc:datafield>
          <marc:datafield ind1="4" ind2="0" tag="863">
            <marc:subfield code="8">1.5032</marc:subfield>
            <marc:subfield code="a">1984/85</marc:subfield>
            <marc:subfield code="t">1</marc:subfield>
          </marc:datafield>
          <marc:datafield ind1="4" ind2="0" tag="863">
            <marc:subfield code="8">1.5036</marc:subfield>
            <marc:subfield code="a">1983/84</marc:subfield>
            <marc:subfield code="t">1</marc:subfield>
          </marc:datafield>
          <marc:datafield ind1="4" ind2="0" tag="863">
            <marc:subfield code="8">1.5050</marc:subfield>
            <marc:subfield code="a">1979/80</marc:subfield>
            <marc:subfield code="t">1</marc:subfield>
          </marc:datafield>
          <marc:datafield ind1="4" ind2="0" tag="863">
            <marc:subfield code="8">1.5054</marc:subfield>
            <marc:subfield code="a">1978/79</marc:subfield>
            <marc:subfield code="t">1</marc:subfield>
          </marc:datafield>
          <marc:datafield ind1="4" ind2="0" tag="863">
            <marc:subfield code="8">1.5058</marc:subfield>
            <marc:subfield code="a">1977/78+SUP.</marc:subfield>
            <marc:subfield code="t">1</marc:subfield>
          </marc:datafield>
          <marc:datafield ind1="4" ind2="0" tag="866">
            <marc:subfield code="8">1</marc:subfield>
            <marc:subfield code="a">1973-2003</marc:subfield>
          </marc:datafield>
        </marc:record>
      </metadata>
    </record>
    <record>
      <header>
        <identifier>oai:mst.rochester.edu:MetadataServicesToolkit/marcnormalization/627</identifier>
        <datestamp>2012-01-09T19:09:09Z</datestamp>
        <setSpec>MARCXMLholding</setSpec>
      </header>
      <metadata>
        <marc:record xmlns:marc="http://www.loc.gov/MARC21/slim" xmlns:xsi="http://www.w3.org/2001/XMLSchema-instance" xsi:schemaLocation="http://www.loc.gov/MARC21/slim http://localhost:8080/OAIToolkit/schema/MARC21slim_custom.xsd">
          <marc:leader>01258cy  a22004335  4500</marc:leader>
          <marc:controlfield tag="001">155316</marc:controlfield>
          <marc:controlfield tag="003">UIUdb</marc:controlfield>
          <marc:controlfield tag="004">116388</marc:controlfield>
          <marc:controlfield tag="005">20091111105023.0</marc:controlfield>
          <marc:controlfield tag="007">ta</marc:controlfield>
          <marc:controlfield tag="008">9808040u    0   0005uueng1980804</marc:controlfield>
          <marc:datafield ind1="1" ind2=" " tag="852">
            <marc:subfield code="b">stx</marc:subfield>
            <marc:subfield code="h">353</marc:subfield>
            <marc:subfield code="i">Un343u1</marc:subfield>
            <marc:subfield code="t">2</marc:subfield>
            <marc:subfield code="x">(Contin; Marked by yr./yr.)</marc:subfield>
            <marc:subfield code="z">Last vol. in City Planning Library (Reference)</marc:subfield>
            <marc:subfield code="z">For earlier vols. see 353Un343u</marc:subfield>
          </marc:datafield>
          <marc:datafield ind1="2" ind2="3" tag="853">
            <marc:subfield code="8">1</marc:subfield>
            <marc:subfield code="a">(yr.)</marc:subfield>
            <marc:subfield code="t">c.</marc:subfield>
          </marc:datafield>
          <marc:datafield ind1="4" ind2="0" tag="863">
            <marc:subfield code="8">1.4978</marc:subfield>
            <marc:subfield code="a">1999/2000</marc:subfield>
            <marc:subfield code="t">2</marc:subfield>
          </marc:datafield>
          <marc:datafield ind1="4" ind2="0" tag="863">
            <marc:subfield code="8">1.4982</marc:subfield>
            <marc:subfield code="a">1997/98</marc:subfield>
            <marc:subfield code="t">2</marc:subfield>
          </marc:datafield>
          <marc:datafield ind1="4" ind2="0" tag="863">
            <marc:subfield code="8">1.4985</marc:subfield>
            <marc:subfield code="a">1996/97</marc:subfield>
            <marc:subfield code="t">2</marc:subfield>
          </marc:datafield>
          <marc:datafield ind1="4" ind2="0" tag="863">
            <marc:subfield code="8">1.4989</marc:subfield>
            <marc:subfield code="a">1995/96</marc:subfield>
            <marc:subfield code="t">2</marc:subfield>
          </marc:datafield>
          <marc:datafield ind1="4" ind2="0" tag="863">
            <marc:subfield code="8">1.4993</marc:subfield>
            <marc:subfield code="a">1994/95</marc:subfield>
            <marc:subfield code="t">2</marc:subfield>
          </marc:datafield>
          <marc:datafield ind1="4" ind2="0" tag="863">
            <marc:subfield code="8">1.4998</marc:subfield>
            <marc:subfield code="a">1993/94</marc:subfield>
            <marc:subfield code="t">2</marc:subfield>
          </marc:datafield>
          <marc:datafield ind1="4" ind2="0" tag="863">
            <marc:subfield code="8">1.5002</marc:subfield>
            <marc:subfield code="a">1992/93</marc:subfield>
            <marc:subfield code="t">2</marc:subfield>
          </marc:datafield>
          <marc:datafield ind1="4" ind2="0" tag="863">
            <marc:subfield code="8">1.5006</marc:subfield>
            <marc:subfield code="a">1991/92</marc:subfield>
            <marc:subfield code="t">2</marc:subfield>
          </marc:datafield>
          <marc:datafield ind1="4" ind2="0" tag="863">
            <marc:subfield code="8">1.5010</marc:subfield>
            <marc:subfield code="a">1990/91</marc:subfield>
            <marc:subfield code="t">2</marc:subfield>
          </marc:datafield>
          <marc:datafield ind1="4" ind2="0" tag="863">
            <marc:subfield code="8">1.5014</marc:subfield>
            <marc:subfield code="a">1989/90</marc:subfield>
            <marc:subfield code="t">2</marc:subfield>
          </marc:datafield>
          <marc:datafield ind1="4" ind2="0" tag="863">
            <marc:subfield code="8">1.5018</marc:subfield>
            <marc:subfield code="a">1988/89</marc:subfield>
            <marc:subfield code="t">2</marc:subfield>
          </marc:datafield>
          <marc:datafield ind1="4" ind2="0" tag="863">
            <marc:subfield code="8">1.5022</marc:subfield>
            <marc:subfield code="a">1987/88</marc:subfield>
            <marc:subfield code="t">2</marc:subfield>
          </marc:datafield>
          <marc:datafield ind1="4" ind2="0" tag="863">
            <marc:subfield code="8">1.5026</marc:subfield>
            <marc:subfield code="a">1986/87</marc:subfield>
            <marc:subfield code="t">2</marc:subfield>
          </marc:datafield>
          <marc:datafield ind1="4" ind2="0" tag="863">
            <marc:subfield code="8">1.5030</marc:subfield>
            <marc:subfield code="a">1985/86</marc:subfield>
            <marc:subfield code="t">2</marc:subfield>
          </marc:datafield>
          <marc:datafield ind1="4" ind2="0" tag="863">
            <marc:subfield code="8">1.5034</marc:subfield>
            <marc:subfield code="a">1984/85</marc:subfield>
            <marc:subfield code="t">2</marc:subfield>
          </marc:datafield>
          <marc:datafield ind1="4" ind2="0" tag="863">
            <marc:subfield code="8">1.5038</marc:subfield>
            <marc:subfield code="a">1983/84</marc:subfield>
            <marc:subfield code="t">2</marc:subfield>
          </marc:datafield>
          <marc:datafield ind1="4" ind2="0" tag="863">
            <marc:subfield code="8">1.5042</marc:subfield>
            <marc:subfield code="a">1982/83</marc:subfield>
            <marc:subfield code="t">2</marc:subfield>
          </marc:datafield>
          <marc:datafield ind1="4" ind2="0" tag="863">
            <marc:subfield code="8">1.5048</marc:subfield>
            <marc:subfield code="a">1980/81</marc:subfield>
            <marc:subfield code="t">2</marc:subfield>
          </marc:datafield>
          <marc:datafield ind1="4" ind2="0" tag="863">
            <marc:subfield code="8">1.5052</marc:subfield>
            <marc:subfield code="a">1979/80</marc:subfield>
            <marc:subfield code="t">2</marc:subfield>
          </marc:datafield>
          <marc:datafield ind1="4" ind2="0" tag="863">
            <marc:subfield code="8">1.5056</marc:subfield>
            <marc:subfield code="a">1978/79</marc:subfield>
            <marc:subfield code="t">2</marc:subfield>
          </marc:datafield>
          <marc:datafield ind1="4" ind2="0" tag="863">
            <marc:subfield code="8">1.5060</marc:subfield>
            <marc:subfield code="a">1977/78+SUP.</marc:subfield>
            <marc:subfield code="t">2</marc:subfield>
          </marc:datafield>
          <marc:datafield ind1="4" ind2="0" tag="863">
            <marc:subfield code="8">1.5064</marc:subfield>
            <marc:subfield code="a">1976/77</marc:subfield>
            <marc:subfield code="t">2</marc:subfield>
          </marc:datafield>
          <marc:datafield ind1="4" ind2="0" tag="863">
            <marc:subfield code="8">1.5066</marc:subfield>
            <marc:subfield code="a">1975/76</marc:subfield>
            <marc:subfield code="t">2</marc:subfield>
          </marc:datafield>
          <marc:datafield ind1="4" ind2="0" tag="863">
            <marc:subfield code="8">1.5070</marc:subfield>
            <marc:subfield code="a">1974/75</marc:subfield>
            <marc:subfield code="t">2</marc:subfield>
          </marc:datafield>
          <marc:datafield ind1="4" ind2="0" tag="863">
            <marc:subfield code="8">1.5074</marc:subfield>
            <marc:subfield code="a">1973/74</marc:subfield>
            <marc:subfield code="t">2</marc:subfield>
          </marc:datafield>
          <marc:datafield ind1="4" ind2="0" tag="866">
            <marc:subfield code="8">1</marc:subfield>
            <marc:subfield code="a">1973-2000</marc:subfield>
          </marc:datafield>
        </marc:record>
      </metadata>
    </record>
    <record>
      <header>
        <identifier>oai:mst.rochester.edu:MetadataServicesToolkit/marcnormalization/628</identifier>
        <datestamp>2012-01-09T19:09:09Z</datestamp>
        <setSpec>MARCXMLholding</setSpec>
      </header>
      <metadata>
        <marc:record xmlns:marc="http://www.loc.gov/MARC21/slim" xmlns:xsi="http://www.w3.org/2001/XMLSchema-instance" xsi:schemaLocation="http://www.loc.gov/MARC21/slim http://localhost:8080/OAIToolkit/schema/MARC21slim_custom.xsd">
          <marc:leader>00587cy  a22002415  4500</marc:leader>
          <marc:controlfield tag="001">155317</marc:controlfield>
          <marc:controlfield tag="003">UIUdb</marc:controlfield>
          <marc:controlfield tag="004">116388</marc:controlfield>
          <marc:controlfield tag="005">20050906112711.0</marc:controlfield>
          <marc:controlfield tag="007">ta</marc:controlfield>
          <marc:controlfield tag="008">9808040u    0   0005uueng1980804</marc:controlfield>
          <marc:datafield ind1="0" ind2=" " tag="014">
            <marc:subfield code="9">CUW-6818</marc:subfield>
          </marc:datafield>
          <marc:datafield ind1="1" ind2=" " tag="852">
            <marc:subfield code="b">stx</marc:subfield>
            <marc:subfield code="h">353</marc:subfield>
            <marc:subfield code="i">Un343u1</marc:subfield>
            <marc:subfield code="t">3</marc:subfield>
            <marc:subfield code="x">(Marked by yr./yr.)</marc:subfield>
          </marc:datafield>
          <marc:datafield ind1="2" ind2="3" tag="853">
            <marc:subfield code="8">1</marc:subfield>
            <marc:subfield code="a">(year)</marc:subfield>
          </marc:datafield>
          <marc:datafield ind1="4" ind2="0" tag="863">
            <marc:subfield code="8">1.4976</marc:subfield>
            <marc:subfield code="a">2001/2002</marc:subfield>
            <marc:subfield code="t">3</marc:subfield>
          </marc:datafield>
          <marc:datafield ind1="4" ind2="0" tag="863">
            <marc:subfield code="8">1.4978</marc:subfield>
            <marc:subfield code="a">2000/2001</marc:subfield>
            <marc:subfield code="t">3</marc:subfield>
          </marc:datafield>
          <marc:datafield ind1="4" ind2="0" tag="863">
            <marc:subfield code="8">1.4980</marc:subfield>
            <marc:subfield code="a">1999/2000</marc:subfield>
            <marc:subfield code="t">3</marc:subfield>
          </marc:datafield>
          <marc:datafield ind1="4" ind2="0" tag="863">
            <marc:subfield code="8">1.4982</marc:subfield>
            <marc:subfield code="a">1998/1999</marc:subfield>
            <marc:subfield code="t">3</marc:subfield>
          </marc:datafield>
          <marc:datafield ind1="4" ind2="0" tag="863">
            <marc:subfield code="8">1.4984</marc:subfield>
            <marc:subfield code="a">1997/98</marc:subfield>
            <marc:subfield code="t">3</marc:subfield>
          </marc:datafield>
          <marc:datafield ind1="4" ind2="0" tag="863">
            <marc:subfield code="8">1.4986</marc:subfield>
            <marc:subfield code="a">1996/97</marc:subfield>
            <marc:subfield code="t">3</marc:subfield>
          </marc:datafield>
          <marc:datafield ind1="4" ind2="0" tag="863">
            <marc:subfield code="8">1.4990</marc:subfield>
            <marc:subfield code="a">1995/96</marc:subfield>
            <marc:subfield code="t">3</marc:subfield>
          </marc:datafield>
          <marc:datafield ind1="4" ind2="0" tag="866">
            <marc:subfield code="8">1</marc:subfield>
            <marc:subfield code="a">1995-2002</marc:subfield>
          </marc:datafield>
        </marc:record>
      </metadata>
    </record>
    <record>
      <header>
        <identifier>oai:mst.rochester.edu:MetadataServicesToolkit/marcnormalization/629</identifier>
        <datestamp>2012-01-09T19:09:09Z</datestamp>
        <setSpec>MARCXMLholding</setSpec>
      </header>
      <metadata>
        <marc:record xmlns:marc="http://www.loc.gov/MARC21/slim" xmlns:xsi="http://www.w3.org/2001/XMLSchema-instance" xsi:schemaLocation="http://www.loc.gov/MARC21/slim http://localhost:8080/OAIToolkit/schema/MARC21slim_custom.xsd">
          <marc:leader>00581cy  a22002055  4500</marc:leader>
          <marc:controlfield tag="001">155318</marc:controlfield>
          <marc:controlfield tag="003">UIUdb</marc:controlfield>
          <marc:controlfield tag="004">116388</marc:controlfield>
          <marc:controlfield tag="005">20060907141021.0</marc:controlfield>
          <marc:controlfield tag="007">ta</marc:controlfield>
          <marc:controlfield tag="008">9808040u    0   0005uueng1980804</marc:controlfield>
          <marc:datafield ind1="1" ind2=" " tag="852">
            <marc:subfield code="b">stx</marc:subfield>
            <marc:subfield code="h">353</marc:subfield>
            <marc:subfield code="i">Un343u1</marc:subfield>
            <marc:subfield code="t">10</marc:subfield>
            <marc:subfield code="x">(Marked by yr./yr.)</marc:subfield>
            <marc:subfield code="z">Latest yr. in Undergrad Reference Library</marc:subfield>
            <marc:subfield code="z">Next in Undergrad (Open Stacks)</marc:subfield>
          </marc:datafield>
          <marc:datafield ind1="2" ind2="3" tag="853">
            <marc:subfield code="8">1</marc:subfield>
            <marc:subfield code="a">(year)</marc:subfield>
            <marc:subfield code="t">c.</marc:subfield>
          </marc:datafield>
          <marc:datafield ind1="4" ind2="0" tag="863">
            <marc:subfield code="8">1.4987</marc:subfield>
            <marc:subfield code="a">1996/97</marc:subfield>
            <marc:subfield code="t">10</marc:subfield>
          </marc:datafield>
          <marc:datafield ind1="4" ind2="0" tag="863">
            <marc:subfield code="8">1.4991</marc:subfield>
            <marc:subfield code="a">1995/96</marc:subfield>
            <marc:subfield code="t">10</marc:subfield>
          </marc:datafield>
          <marc:datafield ind1="4" ind2="0" tag="863">
            <marc:subfield code="8">1.4995</marc:subfield>
            <marc:subfield code="a">1994/95</marc:subfield>
            <marc:subfield code="t">10</marc:subfield>
          </marc:datafield>
          <marc:datafield ind1="4" ind2="0" tag="863">
            <marc:subfield code="8">1.4999</marc:subfield>
            <marc:subfield code="a">1993/94</marc:subfield>
            <marc:subfield code="t">10</marc:subfield>
          </marc:datafield>
          <marc:datafield ind1="4" ind2="0" tag="863">
            <marc:subfield code="8">1.5003</marc:subfield>
            <marc:subfield code="a">1992/93</marc:subfield>
            <marc:subfield code="t">10</marc:subfield>
          </marc:datafield>
          <marc:datafield ind1="4" ind2="0" tag="863">
            <marc:subfield code="8">1.5007</marc:subfield>
            <marc:subfield code="a">1991/92</marc:subfield>
            <marc:subfield code="t">10</marc:subfield>
          </marc:datafield>
          <marc:datafield ind1="4" ind2="0" tag="866">
            <marc:subfield code="8">1</marc:subfield>
            <marc:subfield code="a">1991-1997</marc:subfield>
          </marc:datafield>
        </marc:record>
      </metadata>
    </record>
    <record>
      <header>
        <identifier>oai:mst.rochester.edu:MetadataServicesToolkit/marcnormalization/630</identifier>
        <datestamp>2012-01-09T19:09:09Z</datestamp>
        <setSpec>MARCXMLholding</setSpec>
      </header>
      <metadata>
        <marc:record xmlns:marc="http://www.loc.gov/MARC21/slim" xmlns:xsi="http://www.w3.org/2001/XMLSchema-instance" xsi:schemaLocation="http://www.loc.gov/MARC21/slim http://localhost:8080/OAIToolkit/schema/MARC21slim_custom.xsd">
          <marc:leader>00322cy  a22001455  4500</marc:leader>
          <marc:controlfield tag="001">155319</marc:controlfield>
          <marc:controlfield tag="003">UIUdb</marc:controlfield>
          <marc:controlfield tag="004">116388</marc:controlfield>
          <marc:controlfield tag="005">20100914151021.0</marc:controlfield>
          <marc:controlfield tag="007">ta</marc:controlfield>
          <marc:controlfield tag="008">9808040u    0   0005uueng1980804</marc:controlfield>
          <marc:datafield ind1="1" ind2=" " tag="852">
            <marc:subfield code="b">stx</marc:subfield>
            <marc:subfield code="h">353</marc:subfield>
            <marc:subfield code="i">Un343u1</marc:subfield>
            <marc:subfield code="t">16</marc:subfield>
            <marc:subfield code="x">(Marked by yr./yr.)</marc:subfield>
          </marc:datafield>
          <marc:datafield ind1="2" ind2="3" tag="853">
            <marc:subfield code="8">1</marc:subfield>
            <marc:subfield code="a">(year/year)</marc:subfield>
          </marc:datafield>
          <marc:datafield ind1="4" ind2="0" tag="863">
            <marc:subfield code="8">1.5008</marc:subfield>
            <marc:subfield code="a">1991/92</marc:subfield>
          </marc:datafield>
          <marc:datafield ind1="4" ind2="0" tag="866">
            <marc:subfield code="8">1</marc:subfield>
            <marc:subfield code="a">1991-1992</marc:subfield>
          </marc:datafield>
        </marc:record>
      </metadata>
    </record>
    <record>
      <header>
        <identifier>oai:mst.rochester.edu:MetadataServicesToolkit/marcnormalization/631</identifier>
        <datestamp>2012-01-09T19:09:09Z</datestamp>
        <setSpec>MARCXMLholding</setSpec>
      </header>
      <metadata>
        <marc:record xmlns:marc="http://www.loc.gov/MARC21/slim" xmlns:xsi="http://www.w3.org/2001/XMLSchema-instance" xsi:schemaLocation="http://www.loc.gov/MARC21/slim http://localhost:8080/OAIToolkit/schema/MARC21slim_custom.xsd">
          <marc:leader>01250cy  a22004335  4500</marc:leader>
          <marc:controlfield tag="001">155320</marc:controlfield>
          <marc:controlfield tag="003">UIUdb</marc:controlfield>
          <marc:controlfield tag="004">116388</marc:controlfield>
          <marc:controlfield tag="005">20101110113018.0</marc:controlfield>
          <marc:controlfield tag="007">ta</marc:controlfield>
          <marc:controlfield tag="008">9808050u    0   0002uueng1980805</marc:controlfield>
          <marc:datafield ind1="3" ind2=" " tag="852">
            <marc:subfield code="b">std</marc:subfield>
            <marc:subfield code="k">DOC.</marc:subfield>
            <marc:subfield code="h">AE 2.108/2:</marc:subfield>
            <marc:subfield code="t">1</marc:subfield>
            <marc:subfield code="x">(Makred by yr./yr.)</marc:subfield>
            <marc:subfield code="z">For earlier vols. see DOC.GS 4.109:</marc:subfield>
            <marc:subfield code="z">Latest issue in Documents Library</marc:subfield>
            <marc:subfield code="z">Previous issues in Stacks</marc:subfield>
          </marc:datafield>
          <marc:datafield ind1="2" ind2="3" tag="853">
            <marc:subfield code="8">1</marc:subfield>
            <marc:subfield code="a">(year/year)</marc:subfield>
          </marc:datafield>
          <marc:datafield ind1="4" ind2="0" tag="863">
            <marc:subfield code="8">1.4986</marc:subfield>
            <marc:subfield code="a">2008/2009</marc:subfield>
          </marc:datafield>
          <marc:datafield ind1="4" ind2="0" tag="863">
            <marc:subfield code="8">1.4988</marc:subfield>
            <marc:subfield code="a">2007/2008</marc:subfield>
          </marc:datafield>
          <marc:datafield ind1="4" ind2="0" tag="863">
            <marc:subfield code="8">1.4990</marc:subfield>
            <marc:subfield code="a">2006/2007</marc:subfield>
          </marc:datafield>
          <marc:datafield ind1="4" ind2="0" tag="863">
            <marc:subfield code="8">1.4992</marc:subfield>
            <marc:subfield code="a">2005/2006</marc:subfield>
          </marc:datafield>
          <marc:datafield ind1="4" ind2="0" tag="863">
            <marc:subfield code="8">1.4994</marc:subfield>
            <marc:subfield code="a">2004/2005</marc:subfield>
          </marc:datafield>
          <marc:datafield ind1="4" ind2="0" tag="863">
            <marc:subfield code="8">1.4996</marc:subfield>
            <marc:subfield code="a">2003/2004</marc:subfield>
          </marc:datafield>
          <marc:datafield ind1="4" ind2="0" tag="863">
            <marc:subfield code="8">1.4998</marc:subfield>
            <marc:subfield code="a">2002/2003</marc:subfield>
          </marc:datafield>
          <marc:datafield ind1="4" ind2="0" tag="863">
            <marc:subfield code="8">1.4986</marc:subfield>
            <marc:subfield code="a">2001/2002</marc:subfield>
          </marc:datafield>
          <marc:datafield ind1="4" ind2="0" tag="863">
            <marc:subfield code="8">1.4988</marc:subfield>
            <marc:subfield code="a">2000/2001</marc:subfield>
          </marc:datafield>
          <marc:datafield ind1="4" ind2="0" tag="863">
            <marc:subfield code="8">1.4990</marc:subfield>
            <marc:subfield code="a">1999/2000</marc:subfield>
          </marc:datafield>
          <marc:datafield ind1="4" ind2="0" tag="863">
            <marc:subfield code="8">1.4992</marc:subfield>
            <marc:subfield code="a">1998/1999</marc:subfield>
          </marc:datafield>
          <marc:datafield ind1="4" ind2="0" tag="863">
            <marc:subfield code="8">1.4994</marc:subfield>
            <marc:subfield code="a">1997/1998</marc:subfield>
          </marc:datafield>
          <marc:datafield ind1="4" ind2="0" tag="863">
            <marc:subfield code="8">1.4995</marc:subfield>
            <marc:subfield code="a">1996/1997</marc:subfield>
          </marc:datafield>
          <marc:datafield ind1="4" ind2="0" tag="863">
            <marc:subfield code="8">1.4996</marc:subfield>
            <marc:subfield code="a">1995/1996</marc:subfield>
          </marc:datafield>
          <marc:datafield ind1="4" ind2="0" tag="863">
            <marc:subfield code="8">1.5000</marc:subfield>
            <marc:subfield code="a">1994/1995</marc:subfield>
          </marc:datafield>
          <marc:datafield ind1="4" ind2="0" tag="863">
            <marc:subfield code="8">1.5002</marc:subfield>
            <marc:subfield code="a">1993/1994</marc:subfield>
          </marc:datafield>
          <marc:datafield ind1="4" ind2="0" tag="863">
            <marc:subfield code="8">1.5006</marc:subfield>
            <marc:subfield code="a">1992/1993 SUPP.</marc:subfield>
          </marc:datafield>
          <marc:datafield ind1="4" ind2="0" tag="863">
            <marc:subfield code="8">1.5008</marc:subfield>
            <marc:subfield code="a">1992/1993</marc:subfield>
          </marc:datafield>
          <marc:datafield ind1="4" ind2="0" tag="863">
            <marc:subfield code="8">1.5010</marc:subfield>
            <marc:subfield code="a">1991/1992</marc:subfield>
          </marc:datafield>
          <marc:datafield ind1="4" ind2="0" tag="863">
            <marc:subfield code="8">1.5012</marc:subfield>
            <marc:subfield code="a">1990/1991</marc:subfield>
          </marc:datafield>
          <marc:datafield ind1="4" ind2="0" tag="863">
            <marc:subfield code="8">1.5016</marc:subfield>
            <marc:subfield code="a">1989/1990</marc:subfield>
          </marc:datafield>
          <marc:datafield ind1="4" ind2="0" tag="863">
            <marc:subfield code="8">1.5018</marc:subfield>
            <marc:subfield code="a">1988/1989</marc:subfield>
          </marc:datafield>
          <marc:datafield ind1="4" ind2="0" tag="863">
            <marc:subfield code="8">1.5022</marc:subfield>
            <marc:subfield code="a">1987/1988</marc:subfield>
          </marc:datafield>
          <marc:datafield ind1="4" ind2="0" tag="863">
            <marc:subfield code="8">1.5026</marc:subfield>
            <marc:subfield code="a">1986/1987</marc:subfield>
          </marc:datafield>
          <marc:datafield ind1="4" ind2="0" tag="863">
            <marc:subfield code="8">1.5030</marc:subfield>
            <marc:subfield code="a">1985/1986</marc:subfield>
          </marc:datafield>
          <marc:datafield ind1="4" ind2="0" tag="866">
            <marc:subfield code="8">1</marc:subfield>
            <marc:subfield code="a">1985/1986-</marc:subfield>
          </marc:datafield>
        </marc:record>
      </metadata>
    </record>
    <record>
      <header>
        <identifier>oai:mst.rochester.edu:MetadataServicesToolkit/marcnormalization/632</identifier>
        <datestamp>2012-01-09T19:09:09Z</datestamp>
        <setSpec>MARCXMLholding</setSpec>
      </header>
      <metadata>
        <marc:record xmlns:marc="http://www.loc.gov/MARC21/slim" xmlns:xsi="http://www.w3.org/2001/XMLSchema-instance" xsi:schemaLocation="http://www.loc.gov/MARC21/slim http://localhost:8080/OAIToolkit/schema/MARC21slim_custom.xsd">
          <marc:leader>00579cy  a22002175  4500</marc:leader>
          <marc:controlfield tag="001">155321</marc:controlfield>
          <marc:controlfield tag="003">UIUdb</marc:controlfield>
          <marc:controlfield tag="004">116388</marc:controlfield>
          <marc:controlfield tag="005">20100914150820.0</marc:controlfield>
          <marc:controlfield tag="007">ta</marc:controlfield>
          <marc:controlfield tag="008">9808050u    0   0002uueng1980805</marc:controlfield>
          <marc:datafield ind1="3" ind2=" " tag="852">
            <marc:subfield code="b">std</marc:subfield>
            <marc:subfield code="k">DOC.</marc:subfield>
            <marc:subfield code="h">AE 2.108/2:</marc:subfield>
            <marc:subfield code="t">2</marc:subfield>
            <marc:subfield code="x">(Marked by yr./yr.)</marc:subfield>
            <marc:subfield code="z">For earlier vols. see DOC.GS 4.109:</marc:subfield>
          </marc:datafield>
          <marc:datafield ind1="2" ind2="3" tag="853">
            <marc:subfield code="8">1</marc:subfield>
            <marc:subfield code="a">(year/year)</marc:subfield>
          </marc:datafield>
          <marc:datafield ind1="4" ind2="0" tag="863">
            <marc:subfield code="8">1.4998</marc:subfield>
            <marc:subfield code="a">1995/1996</marc:subfield>
          </marc:datafield>
          <marc:datafield ind1="4" ind2="0" tag="863">
            <marc:subfield code="8">1.5004</marc:subfield>
            <marc:subfield code="a">1993/1994</marc:subfield>
          </marc:datafield>
          <marc:datafield ind1="4" ind2="0" tag="863">
            <marc:subfield code="8">1.5014</marc:subfield>
            <marc:subfield code="a">1990/1991</marc:subfield>
          </marc:datafield>
          <marc:datafield ind1="4" ind2="0" tag="863">
            <marc:subfield code="8">1.5020</marc:subfield>
            <marc:subfield code="a">1988/1989</marc:subfield>
          </marc:datafield>
          <marc:datafield ind1="4" ind2="0" tag="863">
            <marc:subfield code="8">1.5024</marc:subfield>
            <marc:subfield code="a">1987/1988</marc:subfield>
          </marc:datafield>
          <marc:datafield ind1="4" ind2="0" tag="863">
            <marc:subfield code="8">1.5028</marc:subfield>
            <marc:subfield code="a">1986/1987</marc:subfield>
          </marc:datafield>
          <marc:datafield ind1="4" ind2="0" tag="863">
            <marc:subfield code="8">1.5032</marc:subfield>
            <marc:subfield code="a">1985/1986</marc:subfield>
          </marc:datafield>
          <marc:datafield ind1="4" ind2="0" tag="866">
            <marc:subfield code="8">1</marc:subfield>
            <marc:subfield code="a">1985/1986-1995/1996</marc:subfield>
          </marc:datafield>
        </marc:record>
      </metadata>
    </record>
    <record>
      <header>
        <identifier>oai:mst.rochester.edu:MetadataServicesToolkit/marcnormalization/633</identifier>
        <datestamp>2012-01-09T19:09:09Z</datestamp>
        <setSpec>MARCXMLholding</setSpec>
      </header>
      <metadata>
        <marc:record xmlns:marc="http://www.loc.gov/MARC21/slim" xmlns:xsi="http://www.w3.org/2001/XMLSchema-instance" xsi:schemaLocation="http://www.loc.gov/MARC21/slim http://localhost:8080/OAIToolkit/schema/MARC21slim_custom.xsd">
          <marc:leader>00548cy  a22002055  4500</marc:leader>
          <marc:controlfield tag="001">155322</marc:controlfield>
          <marc:controlfield tag="003">UIUdb</marc:controlfield>
          <marc:controlfield tag="004">116388</marc:controlfield>
          <marc:controlfield tag="005">20100914150753.0</marc:controlfield>
          <marc:controlfield tag="007">ta</marc:controlfield>
          <marc:controlfield tag="008">9808040u    0   0002uueng1980804</marc:controlfield>
          <marc:datafield ind1="3" ind2=" " tag="852">
            <marc:subfield code="b">std</marc:subfield>
            <marc:subfield code="k">DOC.</marc:subfield>
            <marc:subfield code="h">GS 4.109:</marc:subfield>
            <marc:subfield code="t">1</marc:subfield>
            <marc:subfield code="x">(Marked by yr.-yr.)</marc:subfield>
            <marc:subfield code="z">For later issues see DOC.AE 2.108/2:</marc:subfield>
          </marc:datafield>
          <marc:datafield ind1="2" ind2="3" tag="853">
            <marc:subfield code="8">1</marc:subfield>
            <marc:subfield code="a">(year-year)</marc:subfield>
          </marc:datafield>
          <marc:datafield ind1="4" ind2="0" tag="863">
            <marc:subfield code="8">1.5002</marc:subfield>
            <marc:subfield code="a">1983-1984</marc:subfield>
          </marc:datafield>
          <marc:datafield ind1="4" ind2="0" tag="863">
            <marc:subfield code="8">1.5006</marc:subfield>
            <marc:subfield code="a">1982-1983</marc:subfield>
          </marc:datafield>
          <marc:datafield ind1="4" ind2="0" tag="863">
            <marc:subfield code="8">1.5010</marc:subfield>
            <marc:subfield code="a">1981-1982</marc:subfield>
          </marc:datafield>
          <marc:datafield ind1="4" ind2="0" tag="863">
            <marc:subfield code="8">1.5012</marc:subfield>
            <marc:subfield code="a">1980-1981</marc:subfield>
          </marc:datafield>
          <marc:datafield ind1="4" ind2="0" tag="863">
            <marc:subfield code="8">1.5016</marc:subfield>
            <marc:subfield code="a">1979-1980</marc:subfield>
          </marc:datafield>
          <marc:datafield ind1="4" ind2="0" tag="863">
            <marc:subfield code="8">1.5018</marc:subfield>
            <marc:subfield code="a">1978-1979</marc:subfield>
          </marc:datafield>
          <marc:datafield ind1="4" ind2="0" tag="866">
            <marc:subfield code="8">1</marc:subfield>
            <marc:subfield code="a">(1978-1979)-(1983-1984)</marc:subfield>
          </marc:datafield>
        </marc:record>
      </metadata>
    </record>
    <record>
      <header>
        <identifier>oai:mst.rochester.edu:MetadataServicesToolkit/marcnormalization/634</identifier>
        <datestamp>2012-01-09T19:09:09Z</datestamp>
        <setSpec>MARCXMLholding</setSpec>
      </header>
      <metadata>
        <marc:record xmlns:marc="http://www.loc.gov/MARC21/slim" xmlns:xsi="http://www.w3.org/2001/XMLSchema-instance" xsi:schemaLocation="http://www.loc.gov/MARC21/slim http://localhost:8080/OAIToolkit/schema/MARC21slim_custom.xsd">
          <marc:leader>00467cy  a22001815  4500</marc:leader>
          <marc:controlfield tag="001">155323</marc:controlfield>
          <marc:controlfield tag="003">UIUdb</marc:controlfield>
          <marc:controlfield tag="004">116388</marc:controlfield>
          <marc:controlfield tag="005">20100914150328.0</marc:controlfield>
          <marc:controlfield tag="007">ta</marc:controlfield>
          <marc:controlfield tag="008">9808040u    0   0002uueng1980804</marc:controlfield>
          <marc:datafield ind1="3" ind2=" " tag="852">
            <marc:subfield code="b">stos</marc:subfield>
            <marc:subfield code="k">DOC.</marc:subfield>
            <marc:subfield code="h">GS4.109:</marc:subfield>
            <marc:subfield code="t">2</marc:subfield>
            <marc:subfield code="x">(Marked by yr.-yr.)</marc:subfield>
            <marc:subfield code="z">For later vols. see DOC.AE 2.108/2:</marc:subfield>
          </marc:datafield>
          <marc:datafield ind1="2" ind2="3" tag="853">
            <marc:subfield code="8">1</marc:subfield>
            <marc:subfield code="a">(year-year)</marc:subfield>
          </marc:datafield>
          <marc:datafield ind1="4" ind2="0" tag="863">
            <marc:subfield code="8">1.5000</marc:subfield>
            <marc:subfield code="a">1984-85</marc:subfield>
          </marc:datafield>
          <marc:datafield ind1="4" ind2="0" tag="863">
            <marc:subfield code="8">1.5004</marc:subfield>
            <marc:subfield code="a">1983-84</marc:subfield>
          </marc:datafield>
          <marc:datafield ind1="4" ind2="0" tag="863">
            <marc:subfield code="8">1.5008</marc:subfield>
            <marc:subfield code="a">1982-83</marc:subfield>
          </marc:datafield>
          <marc:datafield ind1="4" ind2="0" tag="863">
            <marc:subfield code="8">1.5014</marc:subfield>
            <marc:subfield code="a">1980-81</marc:subfield>
          </marc:datafield>
          <marc:datafield ind1="4" ind2="0" tag="866">
            <marc:subfield code="8">1</marc:subfield>
            <marc:subfield code="a">(1980-81)-(1984-85)</marc:subfield>
          </marc:datafield>
        </marc:record>
      </metadata>
    </record>
    <record>
      <header>
        <identifier>oai:mst.rochester.edu:MetadataServicesToolkit/marcnormalization/635</identifier>
        <datestamp>2012-01-09T19:09:09Z</datestamp>
        <setSpec>MARCXMLholding</setSpec>
      </header>
      <metadata>
        <marc:record xmlns:marc="http://www.loc.gov/MARC21/slim" xmlns:xsi="http://www.w3.org/2001/XMLSchema-instance" xsi:schemaLocation="http://www.loc.gov/MARC21/slim http://localhost:8080/OAIToolkit/schema/MARC21slim_custom.xsd">
          <marc:leader>00788cy  a22001811  4500</marc:leader>
          <marc:controlfield tag="001">155324</marc:controlfield>
          <marc:controlfield tag="003">UIUdb</marc:controlfield>
          <marc:controlfield tag="004">116388</marc:controlfield>
          <marc:controlfield tag="005">20070419112704.0</marc:controlfield>
          <marc:controlfield tag="008">0003310u    0   0001uu   0000331</marc:controlfield>
          <marc:datafield ind1="1" ind2=" " tag="852">
            <marc:subfield code="b">wdn-nc</marc:subfield>
            <marc:subfield code="h">353</marc:subfield>
            <marc:subfield code="i">Un343u1</marc:subfield>
            <marc:subfield code="t">10</marc:subfield>
            <marc:subfield code="x">(Contin; Marked by yr./yr.)</marc:subfield>
            <marc:subfield code="z">Last vol. in Undergrad Reference Library</marc:subfield>
            <marc:subfield code="z">Previous vols. in Main Stacks</marc:subfield>
            <marc:subfield code="z">For earlier vols. see 353Un343u</marc:subfield>
          </marc:datafield>
          <marc:datafield ind1="2" ind2="3" tag="853">
            <marc:subfield code="8">1</marc:subfield>
            <marc:subfield code="a">(yr.)</marc:subfield>
            <marc:subfield code="t">c.</marc:subfield>
          </marc:datafield>
          <marc:datafield ind1="4" ind2="1" tag="856">
            <marc:subfield code="u">http://purl.access.gpo.gov/GPO/LPS2410</marc:subfield>
            <marc:subfield code="z">scroll down and click on issue (year); then enter search terms desired and click on submit button to view clickable list of choices (for aid in formulating search terms, click on "helpful hints")</marc:subfield>
          </marc:datafield>
          <marc:datafield ind1="4" ind2="0" tag="863">
            <marc:subfield code="8">1.4994</marc:subfield>
            <marc:subfield code="a">2002-2003</marc:subfield>
          </marc:datafield>
          <marc:datafield ind1="4" ind2="0" tag="863">
            <marc:subfield code="8">1.4996</marc:subfield>
            <marc:subfield code="a">2001-2002</marc:subfield>
            <marc:subfield code="t">10</marc:subfield>
          </marc:datafield>
          <marc:datafield ind1="4" ind2="0" tag="863">
            <marc:subfield code="8">1.4998</marc:subfield>
            <marc:subfield code="a">1999/2000</marc:subfield>
            <marc:subfield code="t">10</marc:subfield>
          </marc:datafield>
          <marc:datafield ind1="4" ind2="0" tag="863">
            <marc:subfield code="8">1.5000</marc:subfield>
            <marc:subfield code="a">1998/99</marc:subfield>
            <marc:subfield code="t">10</marc:subfield>
          </marc:datafield>
          <marc:datafield ind1="4" ind2="0" tag="866">
            <marc:subfield code="8">1</marc:subfield>
            <marc:subfield code="a">1998-2003</marc:subfield>
          </marc:datafield>
        </marc:record>
      </metadata>
    </record>
    <record>
      <header>
        <identifier>oai:mst.rochester.edu:MetadataServicesToolkit/marcnormalization/636</identifier>
        <datestamp>2012-01-09T19:09:09Z</datestamp>
        <setSpec>MARCXMLholding</setSpec>
      </header>
      <metadata>
        <marc:record xmlns:marc="http://www.loc.gov/MARC21/slim" xmlns:xsi="http://www.w3.org/2001/XMLSchema-instance" xsi:schemaLocation="http://www.loc.gov/MARC21/slim http://localhost:8080/OAIToolkit/schema/MARC21slim_custom.xsd">
          <marc:leader>00404cy  a22001335  4500</marc:leader>
          <marc:controlfield tag="001">155325</marc:controlfield>
          <marc:controlfield tag="003">UIUdb</marc:controlfield>
          <marc:controlfield tag="004">116388</marc:controlfield>
          <marc:controlfield tag="005">20110218125516.0</marc:controlfield>
          <marc:controlfield tag="007">ta</marc:controlfield>
          <marc:controlfield tag="008">9808040u    0   0001uueng0980804</marc:controlfield>
          <marc:datafield ind1="1" ind2=" " tag="852">
            <marc:subfield code="b">ugx</marc:subfield>
            <marc:subfield code="h">353</marc:subfield>
            <marc:subfield code="i">Un343u1</marc:subfield>
            <marc:subfield code="t">10</marc:subfield>
            <marc:subfield code="x">(Contin; Marked by yr.-yr.)</marc:subfield>
            <marc:subfield code="z">Last vol. in Undergrad Reference Library</marc:subfield>
            <marc:subfield code="z">Previous vols. in Main Stacks</marc:subfield>
            <marc:subfield code="z">For earlier vols. see 353Un343u</marc:subfield>
          </marc:datafield>
          <marc:datafield ind1="2" ind2="3" tag="853">
            <marc:subfield code="8">1</marc:subfield>
            <marc:subfield code="a">(year)</marc:subfield>
          </marc:datafield>
          <marc:datafield ind1="4" ind2="0" tag="863">
            <marc:subfield code="8">1.4992</marc:subfield>
            <marc:subfield code="a">2003-2004</marc:subfield>
          </marc:datafield>
        </marc:record>
      </metadata>
    </record>
    <record>
      <header>
        <identifier>oai:mst.rochester.edu:MetadataServicesToolkit/marcnormalization/637</identifier>
        <datestamp>2012-01-09T19:09:09Z</datestamp>
        <setSpec>MARCXMLholding</setSpec>
      </header>
      <metadata>
        <marc:record xmlns:marc="http://www.loc.gov/MARC21/slim" xmlns:xsi="http://www.w3.org/2001/XMLSchema-instance" xsi:schemaLocation="http://www.loc.gov/MARC21/slim http://localhost:8080/OAIToolkit/schema/MARC21slim_custom.xsd">
          <marc:leader>00395cy  a22001695  4500</marc:leader>
          <marc:controlfield tag="001">155326</marc:controlfield>
          <marc:controlfield tag="003">UIUdb</marc:controlfield>
          <marc:controlfield tag="004">116388</marc:controlfield>
          <marc:controlfield tag="005">20100318132559.0</marc:controlfield>
          <marc:controlfield tag="007">ta</marc:controlfield>
          <marc:controlfield tag="008">9808040u    0   0001uueng0980804</marc:controlfield>
          <marc:datafield ind1="1" ind2=" " tag="852">
            <marc:subfield code="b">wdn-nc</marc:subfield>
            <marc:subfield code="h">353</marc:subfield>
            <marc:subfield code="i">Un343u1</marc:subfield>
            <marc:subfield code="t">18</marc:subfield>
            <marc:subfield code="x">(Marked by yr.-yr.)</marc:subfield>
          </marc:datafield>
          <marc:datafield ind1="2" ind2="3" tag="853">
            <marc:subfield code="8">1</marc:subfield>
            <marc:subfield code="a">(year)</marc:subfield>
          </marc:datafield>
          <marc:datafield ind1="4" ind2="0" tag="863">
            <marc:subfield code="8">1.4992</marc:subfield>
            <marc:subfield code="a">2003-2004</marc:subfield>
          </marc:datafield>
          <marc:datafield ind1="4" ind2="0" tag="863">
            <marc:subfield code="8">1.4994</marc:subfield>
            <marc:subfield code="a">2002-2003</marc:subfield>
          </marc:datafield>
          <marc:datafield ind1="4" ind2="0" tag="863">
            <marc:subfield code="8">1.4996</marc:subfield>
            <marc:subfield code="a">2001-2002</marc:subfield>
          </marc:datafield>
          <marc:datafield ind1="4" ind2="0" tag="863">
            <marc:subfield code="8">1.4998</marc:subfield>
            <marc:subfield code="a">2000-2001</marc:subfield>
          </marc:datafield>
        </marc:record>
      </metadata>
    </record>
    <record>
      <header>
        <identifier>oai:mst.rochester.edu:MetadataServicesToolkit/marcnormalization/638</identifier>
        <datestamp>2012-01-09T19:09:09Z</datestamp>
        <setSpec>MARCXMLholding</setSpec>
      </header>
      <metadata>
        <marc:record xmlns:marc="http://www.loc.gov/MARC21/slim" xmlns:xsi="http://www.w3.org/2001/XMLSchema-instance" xsi:schemaLocation="http://www.loc.gov/MARC21/slim http://localhost:8080/OAIToolkit/schema/MARC21slim_custom.xsd">
          <marc:leader>00445cy  a22001331  4500</marc:leader>
          <marc:controlfield tag="001">155327</marc:controlfield>
          <marc:controlfield tag="003">UIUdb</marc:controlfield>
          <marc:controlfield tag="004">116388</marc:controlfield>
          <marc:controlfield tag="005">20101209091551.0</marc:controlfield>
          <marc:controlfield tag="008">9912070u    0   0001uu   0991207</marc:controlfield>
          <marc:datafield ind1="1" ind2=" " tag="852">
            <marc:subfield code="b">stx</marc:subfield>
            <marc:subfield code="h">353</marc:subfield>
            <marc:subfield code="i">Un343u1</marc:subfield>
            <marc:subfield code="t">3</marc:subfield>
            <marc:subfield code="x">(Contin; Marked by yr./yr.)</marc:subfield>
            <marc:subfield code="z">Latest issue in Reference Library (Information desk)</marc:subfield>
            <marc:subfield code="z">Next issue in Veterinary Medicine Library</marc:subfield>
            <marc:subfield code="z">Previous issues in Stacks</marc:subfield>
          </marc:datafield>
          <marc:datafield ind1="2" ind2="3" tag="853">
            <marc:subfield code="8">1</marc:subfield>
            <marc:subfield code="a">(year-year)</marc:subfield>
          </marc:datafield>
          <marc:datafield ind1="4" ind2="0" tag="863">
            <marc:subfield code="8">1.4984</marc:subfield>
            <marc:subfield code="a">2003-2004</marc:subfield>
          </marc:datafield>
          <marc:datafield ind1="4" ind2="0" tag="863">
            <marc:subfield code="8">1.4986</marc:subfield>
            <marc:subfield code="a">2002-2003</marc:subfield>
          </marc:datafield>
        </marc:record>
      </metadata>
    </record>
    <record>
      <header>
        <identifier>oai:mst.rochester.edu:MetadataServicesToolkit/marcnormalization/639</identifier>
        <datestamp>2012-01-09T19:09:09Z</datestamp>
        <setSpec>MARCXMLholding</setSpec>
      </header>
      <metadata>
        <marc:record xmlns:marc="http://www.loc.gov/MARC21/slim" xmlns:xsi="http://www.w3.org/2001/XMLSchema-instance" xsi:schemaLocation="http://www.loc.gov/MARC21/slim http://localhost:8080/OAIToolkit/schema/MARC21slim_custom.xsd">
          <marc:leader>00541cy  a22001931  4500</marc:leader>
          <marc:controlfield tag="001">5951443</marc:controlfield>
          <marc:controlfield tag="003">UIUdb</marc:controlfield>
          <marc:controlfield tag="004">116388</marc:controlfield>
          <marc:controlfield tag="005">20091203104822.0</marc:controlfield>
          <marc:controlfield tag="008">0512130u    0   0001uu   0990714</marc:controlfield>
          <marc:datafield ind1="0" ind2=" " tag="014">
            <marc:subfield code="a">DUQ-5187</marc:subfield>
          </marc:datafield>
          <marc:datafield ind1="0" ind2=" " tag="852">
            <marc:subfield code="b">stos</marc:subfield>
            <marc:subfield code="h">JK421</marc:subfield>
            <marc:subfield code="i">.A3</marc:subfield>
            <marc:subfield code="t">1</marc:subfield>
            <marc:subfield code="x">(Marked by yr.)</marc:subfield>
            <marc:subfield code="z">Latest volume in Law Reference.</marc:subfield>
            <marc:subfield code="z">Earlier volumes are under call no. DOC. AE2.108/2:</marc:subfield>
          </marc:datafield>
          <marc:datafield ind1="2" ind2="3" tag="853">
            <marc:subfield code="8">1</marc:subfield>
            <marc:subfield code="a">(year)</marc:subfield>
          </marc:datafield>
          <marc:datafield ind1="4" ind2="0" tag="863">
            <marc:subfield code="8">1.4985</marc:subfield>
            <marc:subfield code="a">2008-2009</marc:subfield>
          </marc:datafield>
          <marc:datafield ind1="4" ind2="0" tag="863">
            <marc:subfield code="8">1.4987</marc:subfield>
            <marc:subfield code="a">2006-2007</marc:subfield>
          </marc:datafield>
          <marc:datafield ind1="4" ind2="0" tag="863">
            <marc:subfield code="8">1.4989</marc:subfield>
            <marc:subfield code="a">2005-2006</marc:subfield>
          </marc:datafield>
          <marc:datafield ind1="4" ind2="0" tag="863">
            <marc:subfield code="8">1.4990</marc:subfield>
            <marc:subfield code="a">2004-2005</marc:subfield>
          </marc:datafield>
          <marc:datafield ind1="4" ind2="0" tag="863">
            <marc:subfield code="8">1.4992</marc:subfield>
            <marc:subfield code="a">2003-2004</marc:subfield>
          </marc:datafield>
        </marc:record>
      </metadata>
    </record>
    <record>
      <header>
        <identifier>oai:mst.rochester.edu:MetadataServicesToolkit/marcnormalization/640</identifier>
        <datestamp>2012-01-09T19:09:09Z</datestamp>
        <setSpec>MARCXMLholding</setSpec>
      </header>
      <metadata>
        <marc:record xmlns:marc="http://www.loc.gov/MARC21/slim" xmlns:xsi="http://www.w3.org/2001/XMLSchema-instance" xsi:schemaLocation="http://www.loc.gov/MARC21/slim http://localhost:8080/OAIToolkit/schema/MARC21slim_custom.xsd">
          <marc:leader>01259cy  a22004335  4500</marc:leader>
          <marc:controlfield tag="001">7036122</marc:controlfield>
          <marc:controlfield tag="003">UIUdb</marc:controlfield>
          <marc:controlfield tag="004">116388</marc:controlfield>
          <marc:controlfield tag="005">20100927162505.0</marc:controlfield>
          <marc:controlfield tag="007">ta</marc:controlfield>
          <marc:controlfield tag="008">1009270u    0   0005uueng1980804</marc:controlfield>
          <marc:datafield ind1="1" ind2=" " tag="852">
            <marc:subfield code="b">stx</marc:subfield>
            <marc:subfield code="h">353</marc:subfield>
            <marc:subfield code="i">Un343u1</marc:subfield>
            <marc:subfield code="t">2</marc:subfield>
            <marc:subfield code="x">(Contin; Marked by yr./yr.)</marc:subfield>
            <marc:subfield code="z">Last vol. in City Planning Library (Reference)</marc:subfield>
            <marc:subfield code="z">For earlier vols. see 353Un343u</marc:subfield>
          </marc:datafield>
          <marc:datafield ind1="2" ind2="3" tag="853">
            <marc:subfield code="8">1</marc:subfield>
            <marc:subfield code="a">(yr.)</marc:subfield>
            <marc:subfield code="t">c.</marc:subfield>
          </marc:datafield>
          <marc:datafield ind1="4" ind2="0" tag="863">
            <marc:subfield code="8">1.4978</marc:subfield>
            <marc:subfield code="a">1999/2000</marc:subfield>
            <marc:subfield code="t">2</marc:subfield>
          </marc:datafield>
          <marc:datafield ind1="4" ind2="0" tag="863">
            <marc:subfield code="8">1.4982</marc:subfield>
            <marc:subfield code="a">1997/98</marc:subfield>
            <marc:subfield code="t">2</marc:subfield>
          </marc:datafield>
          <marc:datafield ind1="4" ind2="0" tag="863">
            <marc:subfield code="8">1.4985</marc:subfield>
            <marc:subfield code="a">1996/97</marc:subfield>
            <marc:subfield code="t">2</marc:subfield>
          </marc:datafield>
          <marc:datafield ind1="4" ind2="0" tag="863">
            <marc:subfield code="8">1.4989</marc:subfield>
            <marc:subfield code="a">1995/96</marc:subfield>
            <marc:subfield code="t">2</marc:subfield>
          </marc:datafield>
          <marc:datafield ind1="4" ind2="0" tag="863">
            <marc:subfield code="8">1.4993</marc:subfield>
            <marc:subfield code="a">1994/95</marc:subfield>
            <marc:subfield code="t">2</marc:subfield>
          </marc:datafield>
          <marc:datafield ind1="4" ind2="0" tag="863">
            <marc:subfield code="8">1.4998</marc:subfield>
            <marc:subfield code="a">1993/94</marc:subfield>
            <marc:subfield code="t">2</marc:subfield>
          </marc:datafield>
          <marc:datafield ind1="4" ind2="0" tag="863">
            <marc:subfield code="8">1.5002</marc:subfield>
            <marc:subfield code="a">1992/93</marc:subfield>
            <marc:subfield code="t">2</marc:subfield>
          </marc:datafield>
          <marc:datafield ind1="4" ind2="0" tag="863">
            <marc:subfield code="8">1.5006</marc:subfield>
            <marc:subfield code="a">1991/92</marc:subfield>
            <marc:subfield code="t">2</marc:subfield>
          </marc:datafield>
          <marc:datafield ind1="4" ind2="0" tag="863">
            <marc:subfield code="8">1.5010</marc:subfield>
            <marc:subfield code="a">1990/91</marc:subfield>
            <marc:subfield code="t">2</marc:subfield>
          </marc:datafield>
          <marc:datafield ind1="4" ind2="0" tag="863">
            <marc:subfield code="8">1.5014</marc:subfield>
            <marc:subfield code="a">1989/90</marc:subfield>
            <marc:subfield code="t">2</marc:subfield>
          </marc:datafield>
          <marc:datafield ind1="4" ind2="0" tag="863">
            <marc:subfield code="8">1.5018</marc:subfield>
            <marc:subfield code="a">1988/89</marc:subfield>
            <marc:subfield code="t">2</marc:subfield>
          </marc:datafield>
          <marc:datafield ind1="4" ind2="0" tag="863">
            <marc:subfield code="8">1.5022</marc:subfield>
            <marc:subfield code="a">1987/88</marc:subfield>
            <marc:subfield code="t">2</marc:subfield>
          </marc:datafield>
          <marc:datafield ind1="4" ind2="0" tag="863">
            <marc:subfield code="8">1.5026</marc:subfield>
            <marc:subfield code="a">1986/87</marc:subfield>
            <marc:subfield code="t">2</marc:subfield>
          </marc:datafield>
          <marc:datafield ind1="4" ind2="0" tag="863">
            <marc:subfield code="8">1.5030</marc:subfield>
            <marc:subfield code="a">1985/86</marc:subfield>
            <marc:subfield code="t">2</marc:subfield>
          </marc:datafield>
          <marc:datafield ind1="4" ind2="0" tag="863">
            <marc:subfield code="8">1.5034</marc:subfield>
            <marc:subfield code="a">1984/85</marc:subfield>
            <marc:subfield code="t">2</marc:subfield>
          </marc:datafield>
          <marc:datafield ind1="4" ind2="0" tag="863">
            <marc:subfield code="8">1.5038</marc:subfield>
            <marc:subfield code="a">1983/84</marc:subfield>
            <marc:subfield code="t">2</marc:subfield>
          </marc:datafield>
          <marc:datafield ind1="4" ind2="0" tag="863">
            <marc:subfield code="8">1.5042</marc:subfield>
            <marc:subfield code="a">1982/83</marc:subfield>
            <marc:subfield code="t">2</marc:subfield>
          </marc:datafield>
          <marc:datafield ind1="4" ind2="0" tag="863">
            <marc:subfield code="8">1.5048</marc:subfield>
            <marc:subfield code="a">1980/81</marc:subfield>
            <marc:subfield code="t">2</marc:subfield>
          </marc:datafield>
          <marc:datafield ind1="4" ind2="0" tag="863">
            <marc:subfield code="8">1.5052</marc:subfield>
            <marc:subfield code="a">1979/80</marc:subfield>
            <marc:subfield code="t">2</marc:subfield>
          </marc:datafield>
          <marc:datafield ind1="4" ind2="0" tag="863">
            <marc:subfield code="8">1.5056</marc:subfield>
            <marc:subfield code="a">1978/79</marc:subfield>
            <marc:subfield code="t">2</marc:subfield>
          </marc:datafield>
          <marc:datafield ind1="4" ind2="0" tag="863">
            <marc:subfield code="8">1.5060</marc:subfield>
            <marc:subfield code="a">1977/78+SUP.</marc:subfield>
            <marc:subfield code="t">2</marc:subfield>
          </marc:datafield>
          <marc:datafield ind1="4" ind2="0" tag="863">
            <marc:subfield code="8">1.5064</marc:subfield>
            <marc:subfield code="a">1976/77</marc:subfield>
            <marc:subfield code="t">2</marc:subfield>
          </marc:datafield>
          <marc:datafield ind1="4" ind2="0" tag="863">
            <marc:subfield code="8">1.5066</marc:subfield>
            <marc:subfield code="a">1975/76</marc:subfield>
            <marc:subfield code="t">2</marc:subfield>
          </marc:datafield>
          <marc:datafield ind1="4" ind2="0" tag="863">
            <marc:subfield code="8">1.5070</marc:subfield>
            <marc:subfield code="a">1974/75</marc:subfield>
            <marc:subfield code="t">2</marc:subfield>
          </marc:datafield>
          <marc:datafield ind1="4" ind2="0" tag="863">
            <marc:subfield code="8">1.5074</marc:subfield>
            <marc:subfield code="a">1973/74</marc:subfield>
            <marc:subfield code="t">2</marc:subfield>
          </marc:datafield>
          <marc:datafield ind1="4" ind2="0" tag="866">
            <marc:subfield code="8">1</marc:subfield>
            <marc:subfield code="a">1973-2000</marc:subfield>
          </marc:datafield>
        </marc:record>
      </metadata>
    </record>
    <record>
      <header>
        <identifier>oai:mst.rochester.edu:MetadataServicesToolkit/marcnormalization/641</identifier>
        <datestamp>2012-01-09T19:09:09Z</datestamp>
        <setSpec>MARCXMLholding</setSpec>
      </header>
      <metadata>
        <marc:record xmlns:marc="http://www.loc.gov/MARC21/slim" xmlns:xsi="http://www.w3.org/2001/XMLSchema-instance" xsi:schemaLocation="http://www.loc.gov/MARC21/slim http://localhost:8080/OAIToolkit/schema/MARC21slim_custom.xsd">
          <marc:leader>00206nx  a22000974  4500</marc:leader>
          <marc:controlfield tag="001">7095410</marc:controlfield>
          <marc:controlfield tag="003">UIUdb</marc:controlfield>
          <marc:controlfield tag="004">116388</marc:controlfield>
          <marc:controlfield tag="005">20101110093656.0</marc:controlfield>
          <marc:controlfield tag="008">1011104u    8   1001uu   0901128</marc:controlfield>
          <marc:datafield ind1="3" ind2=" " tag="852">
            <marc:subfield code="b">marcive</marc:subfield>
            <marc:subfield code="k">ONLINEDOC.</marc:subfield>
            <marc:subfield code="h">AE 2.108/2:</marc:subfield>
          </marc:datafield>
        </marc:record>
      </metadata>
    </record>
    <record>
      <header>
        <identifier>oai:mst.rochester.edu:MetadataServicesToolkit/marcnormalization/642</identifier>
        <datestamp>2012-01-09T19:09:09Z</datestamp>
        <setSpec>MARCXMLholding</setSpec>
      </header>
      <metadata>
        <marc:record xmlns:marc="http://www.loc.gov/MARC21/slim" xmlns:xsi="http://www.w3.org/2001/XMLSchema-instance" xsi:schemaLocation="http://www.loc.gov/MARC21/slim http://localhost:8080/OAIToolkit/schema/MARC21slim_custom.xsd">
          <marc:leader>00350nx  a22001214  4500</marc:leader>
          <marc:controlfield tag="001">7095775</marc:controlfield>
          <marc:controlfield tag="003">UIUdb</marc:controlfield>
          <marc:controlfield tag="004">116388</marc:controlfield>
          <marc:controlfield tag="005">20101110112930.0</marc:controlfield>
          <marc:controlfield tag="008">1011104u    8   1001uu   0901128</marc:controlfield>
          <marc:datafield ind1="3" ind2=" " tag="852">
            <marc:subfield code="b">doc-nc</marc:subfield>
            <marc:subfield code="k">DOC.</marc:subfield>
            <marc:subfield code="h">AE 2.108/2:</marc:subfield>
            <marc:subfield code="t">1</marc:subfield>
            <marc:subfield code="x">(Marked by yr./yr.)</marc:subfield>
            <marc:subfield code="z">Latest issue in Documents Library</marc:subfield>
            <marc:subfield code="z">Previous issues in Stacks</marc:subfield>
          </marc:datafield>
          <marc:datafield ind1="2" ind2="3" tag="853">
            <marc:subfield code="8">1</marc:subfield>
            <marc:subfield code="a">(year/year)</marc:subfield>
          </marc:datafield>
          <marc:datafield ind1="4" ind2="0" tag="863">
            <marc:subfield code="8">1.4984</marc:subfield>
            <marc:subfield code="a">2009/2010</marc:subfield>
          </marc:datafield>
        </marc:record>
      </metadata>
    </record>