
    <record>
      <header>
        <identifier>oai:mst.rochester.edu:MetadataServicesToolkit/marcnormalization/643</identifier>
        <datestamp>2012-01-09T19:09:09Z</datestamp>
        <setSpec>MARCXMLbibliographic</setSpec>
      </header>
      <metadata>
        <marc:record xmlns:marc="http://www.loc.gov/MARC21/slim" xmlns:xsi="http://www.w3.org/2001/XMLSchema-instance" xsi:schemaLocation="http://www.loc.gov/MARC21/slim http://localhost:8080/OAIToolkit/schema/MARC21slim_custom.xsd">
          <marc:leader>01043cam a2200385 i 4500</marc:leader>
          <marc:controlfield tag="001">2410012</marc:controlfield>
          <marc:controlfield tag="003">UIUdb</marc:controlfield>
          <marc:controlfield tag="005">20030808204737.0</marc:controlfield>
          <marc:controlfield tag="008">900530s1976    nyu           000 0ceng  </marc:controlfield>
          <marc:datafield ind1=" " ind2=" " tag="010">
            <marc:subfield code="a">   72076164 </marc:subfield>
          </marc:datafield>
          <marc:datafield ind1=" " ind2=" " tag="019">
            <marc:subfield code="a">2689776</marc:subfield>
            <marc:subfield code="a">16650499</marc:subfield>
          </marc:datafield>
          <marc:datafield ind1=" " ind2=" " tag="020">
            <marc:subfield code="a">0385037872 :</marc:subfield>
            <marc:subfield code="c">$12.50</marc:subfield>
          </marc:datafield>
          <marc:datafield ind1=" " ind2=" " tag="035">
            <marc:subfield code="a">(OCoLC)2188350</marc:subfield>
          </marc:datafield>
          <marc:datafield ind1=" " ind2=" " tag="035">
            <marc:subfield code="9">ARC-4910</marc:subfield>
          </marc:datafield>
          <marc:datafield ind1=" " ind2=" " tag="035">
            <marc:subfield code="9">UC 18026105</marc:subfield>
          </marc:datafield>
          <marc:datafield ind1=" " ind2=" " tag="040">
            <marc:subfield code="a">DLC</marc:subfield>
            <marc:subfield code="c">DLC</marc:subfield>
            <marc:subfield code="d">OCL</marc:subfield>
            <marc:subfield code="d">EL$</marc:subfield>
            <marc:subfield code="d">OCL</marc:subfield>
            <marc:subfield code="d">UIU</marc:subfield>
          </marc:datafield>
          <marc:datafield ind1=" " ind2=" " tag="043">
            <marc:subfield code="a">n-us---</marc:subfield>
            <marc:subfield code="a">f-gm---</marc:subfield>
          </marc:datafield>
          <marc:datafield ind1=" " ind2=" " tag="049">
            <marc:subfield code="a">UIUU</marc:subfield>
          </marc:datafield>
          <marc:datafield ind1="0" ind2=" " tag="050">
            <marc:subfield code="a">E185.97.H24</marc:subfield>
            <marc:subfield code="b">A33</marc:subfield>
          </marc:datafield>
          <marc:datafield ind1="0" ind2=" " tag="082">
            <marc:subfield code="a">929/.2/0973</marc:subfield>
          </marc:datafield>
          <marc:datafield ind1="1" ind2=" " tag="100">
            <marc:subfield code="a">Haley, Alex.</marc:subfield>
            <marc:subfield code="4">aut</marc:subfield>
          </marc:datafield>
          <marc:datafield ind1="1" ind2="0" tag="245">
            <marc:subfield code="a">Roots /</marc:subfield>
            <marc:subfield code="c">Alex Haley.</marc:subfield>
          </marc:datafield>
          <marc:datafield ind1=" " ind2=" " tag="250">
            <marc:subfield code="a">1st ed.</marc:subfield>
          </marc:datafield>
          <marc:datafield ind1=" " ind2=" " tag="260">
            <marc:subfield code="a">Garden City, N.Y. :</marc:subfield>
            <marc:subfield code="b">Doubleday,</marc:subfield>
            <marc:subfield code="c">1976.</marc:subfield>
          </marc:datafield>
          <marc:datafield ind1=" " ind2=" " tag="300">
            <marc:subfield code="a">viii, 688 p. ;</marc:subfield>
            <marc:subfield code="c">24 cm.</marc:subfield>
          </marc:datafield>
          <marc:datafield ind1=" " ind2=" " tag="500">
            <marc:subfield code="a">"A condensed version of a portion of this work first appeared in Reader's digest."</marc:subfield>
          </marc:datafield>
          <marc:datafield ind1="1" ind2="0" tag="600">
            <marc:subfield code="a">Haley, Alex.</marc:subfield>
          </marc:datafield>
          <marc:datafield ind1="3" ind2="0" tag="600">
            <marc:subfield code="a">Haley family.</marc:subfield>
          </marc:datafield>
          <marc:datafield ind1="3" ind2="0" tag="600">
            <marc:subfield code="a">Kinte family.</marc:subfield>
          </marc:datafield>
          <marc:datafield ind1=" " ind2="0" tag="650">
            <marc:subfield code="a">African Americans</marc:subfield>
            <marc:subfield code="v">Biography.</marc:subfield>
          </marc:datafield>
          <marc:datafield ind1=" " ind2="4" tag="650">
            <marc:subfield code="a">Familia Kinte.</marc:subfield>
          </marc:datafield>
          <marc:datafield ind1=" " ind2="4" tag="650">
            <marc:subfield code="a">Familia Haley.</marc:subfield>
          </marc:datafield>
          <marc:datafield ind1=" " ind2=" " tag="910">
            <marc:subfield code="a">rcp3254</marc:subfield>
          </marc:datafield>
          <marc:datafield ind1=" " ind2=" " tag="910">
            <marc:subfield code="a">MARS</marc:subfield>
          </marc:datafield>
          <marc:datafield ind1=" " ind2=" " tag="994">
            <marc:subfield code="a">02</marc:subfield>
            <marc:subfield code="b">UIU</marc:subfield>
          </marc:datafield>
          <marc:datafield tag="931" ind1=" " ind2=" ">
            <marc:subfield code="a">Text</marc:subfield>
            <marc:subfield code="5">UIUdb</marc:subfield>
          </marc:datafield>
          <marc:datafield tag="932" ind1=" " ind2=" ">
            <marc:subfield code="a">Language material</marc:subfield>
            <marc:subfield code="5">UIUdb</marc:subfield>
          </marc:datafield>
          <marc:datafield tag="933" ind1=" " ind2=" ">
            <marc:subfield code="a">Text</marc:subfield>
            <marc:subfield code="5">UIUdb</marc:subfield>
          </marc:datafield>
          <marc:datafield tag="935" ind1=" " ind2=" ">
            <marc:subfield code="a">Monograph/Item</marc:subfield>
            <marc:subfield code="5">UIUdb</marc:subfield>
          </marc:datafield>
          <marc:datafield tag="035" ind1=" " ind2=" ">
            <marc:subfield code="a">(UIUdb)2410012</marc:subfield>
          </marc:datafield>
          <marc:datafield tag="937" ind1=" " ind2=" ">
            <marc:subfield code="a">Non-Fiction</marc:subfield>
            <marc:subfield code="5">UIUdb</marc:subfield>
          </marc:datafield>
          <marc:datafield tag="941" ind1=" " ind2=" ">
            <marc:subfield code="a">eng</marc:subfield>
            <marc:subfield code="5">UIUdb</marc:subfield>
          </marc:datafield>
          <marc:datafield tag="943" ind1=" " ind2=" ">
            <marc:subfield code="a">English</marc:subfield>
            <marc:subfield code="5">UIUdb</marc:subfield>
          </marc:datafield>
          <marc:datafield tag="947" ind1=" " ind2=" ">
            <marc:subfield code="a">0385037872 </marc:subfield>
            <marc:subfield code="5">UIUdb</marc:subfield>
          </marc:datafield>
          <marc:datafield tag="240" ind1="0" ind2="0">
            <marc:subfield code="a">Roots /</marc:subfield>
          </marc:datafield>
          <marc:datafield tag="965" ind1=" " ind2="0">
            <marc:subfield code="a">African Americans</marc:subfield>
            <marc:subfield code="5">UIUdb</marc:subfield>
          </marc:datafield>
          <marc:datafield tag="969" ind1=" " ind2="0">
            <marc:subfield code="v">Biography.</marc:subfield>
            <marc:subfield code="5">UIUdb</marc:subfield>
          </marc:datafield>
        </marc:record>
      </metadata>
    </record>
    <record>
      <header>
        <identifier>oai:mst.rochester.edu:MetadataServicesToolkit/marcnormalization/644</identifier>
        <datestamp>2012-01-09T19:09:09Z</datestamp>
        <setSpec>MARCXMLholding</setSpec>
      </header>
      <metadata>
        <marc:record xmlns:marc="http://www.loc.gov/MARC21/slim" xmlns:xsi="http://www.w3.org/2001/XMLSchema-instance" xsi:schemaLocation="http://www.loc.gov/MARC21/slim http://localhost:8080/OAIToolkit/schema/MARC21slim_custom.xsd">
          <marc:leader>00261cx  a22001331  4500</marc:leader>
          <marc:controlfield tag="001">2956969</marc:controlfield>
          <marc:controlfield tag="003">UIUdb</marc:controlfield>
          <marc:controlfield tag="004">2410012</marc:controlfield>
          <marc:controlfield tag="005">20081203223244.0</marc:controlfield>
          <marc:controlfield tag="007">ta</marc:controlfield>
          <marc:controlfield tag="008">9808062u    0   4001uueng0980806</marc:controlfield>
          <marc:datafield ind1="0" ind2=" " tag="014">
            <marc:subfield code="9">EEQ-1539</marc:subfield>
          </marc:datafield>
          <marc:datafield ind1="8" ind2=" " tag="852">
            <marc:subfield code="b">edst</marc:subfield>
            <marc:subfield code="h">S.929</marc:subfield>
            <marc:subfield code="i">H137R</marc:subfield>
            <marc:subfield code="t">1</marc:subfield>
          </marc:datafield>
        </marc:record>
      </metadata>
    </record>
    <record>
      <header>
        <identifier>oai:mst.rochester.edu:MetadataServicesToolkit/marcnormalization/645</identifier>
        <datestamp>2012-01-09T19:09:09Z</datestamp>
        <setSpec>MARCXMLholding</setSpec>
      </header>
      <metadata>
        <marc:record xmlns:marc="http://www.loc.gov/MARC21/slim" xmlns:xsi="http://www.w3.org/2001/XMLSchema-instance" xsi:schemaLocation="http://www.loc.gov/MARC21/slim http://localhost:8080/OAIToolkit/schema/MARC21slim_custom.xsd">
          <marc:leader>00200nx  a22000974  4500</marc:leader>
          <marc:controlfield tag="001">6316832</marc:controlfield>
          <marc:controlfield tag="003">UIUdb</marc:controlfield>
          <marc:controlfield tag="004">2410012</marc:controlfield>
          <marc:controlfield tag="005">20080225113328.0</marc:controlfield>
          <marc:controlfield tag="008">0802254u    8   1001uu   0901128</marc:controlfield>
          <marc:datafield ind1="1" ind2=" " tag="852">
            <marc:subfield code="b">rhlisrmu</marc:subfield>
            <marc:subfield code="h">929.2</marc:subfield>
            <marc:subfield code="i">H137r</marc:subfield>
            <marc:subfield code="t">3</marc:subfield>
          </marc:datafield>
        </marc:record>
      </metadata>
    </record>
    <record>
      <header>
        <identifier>oai:mst.rochester.edu:MetadataServicesToolkit/marcnormalization/646</identifier>
        <datestamp>2012-01-09T19:09:09Z</datestamp>
        <setSpec>MARCXMLholding</setSpec>
      </header>
      <metadata>
        <marc:record xmlns:marc="http://www.loc.gov/MARC21/slim" xmlns:xsi="http://www.w3.org/2001/XMLSchema-instance" xsi:schemaLocation="http://www.loc.gov/MARC21/slim http://localhost:8080/OAIToolkit/schema/MARC21slim_custom.xsd">
          <marc:leader>00205cx  a22000974  4500</marc:leader>
          <marc:controlfield tag="001">6680768</marc:controlfield>
          <marc:controlfield tag="003">UIUdb</marc:controlfield>
          <marc:controlfield tag="004">2410012</marc:controlfield>
          <marc:controlfield tag="005">20100707100412.0</marc:controlfield>
          <marc:controlfield tag="008">0907224u    8   1001uu   0901128</marc:controlfield>
          <marc:datafield ind1="1" ind2=" " tag="852">
            <marc:subfield code="b">rhlikmu</marc:subfield>
            <marc:subfield code="h">929.2</marc:subfield>
            <marc:subfield code="i">H137r  1981</marc:subfield>
            <marc:subfield code="t">2</marc:subfield>
          </marc:datafield>
        </marc:record>
      </metadata>
    </record>