
    <record>
      <header>
        <identifier>oai:mst.rochester.edu:MetadataServicesToolkit/marcnormalization/655</identifier>
        <datestamp>2012-01-09T19:09:09Z</datestamp>
        <setSpec>MARCXMLbibliographic</setSpec>
      </header>
      <metadata>
        <marc:record xmlns:marc="http://www.loc.gov/MARC21/slim" xmlns:xsi="http://www.w3.org/2001/XMLSchema-instance" xsi:schemaLocation="http://www.loc.gov/MARC21/slim http://localhost:8080/OAIToolkit/schema/MARC21slim_custom.xsd">
          <marc:leader>01536cam a2200469 a 4500</marc:leader>
          <marc:controlfield tag="001">658746</marc:controlfield>
          <marc:controlfield tag="003">WIUdb</marc:controlfield>
          <marc:controlfield tag="005">20110624135654.0</marc:controlfield>
          <marc:controlfield tag="008">990727s2000    nyu    c      000 1 eng  </marc:controlfield>
          <marc:datafield ind1=" " ind2=" " tag="010">
            <marc:subfield code="a">   99042699 </marc:subfield>
          </marc:datafield>
          <marc:datafield ind1=" " ind2=" " tag="020">
            <marc:subfield code="a">0060277300</marc:subfield>
          </marc:datafield>
          <marc:datafield ind1=" " ind2=" " tag="020">
            <marc:subfield code="a">0060277319 (lib. bdg.)</marc:subfield>
          </marc:datafield>
          <marc:datafield ind1=" " ind2=" " tag="035">
            <marc:subfield code="a">(OCoLC)42061091</marc:subfield>
          </marc:datafield>
          <marc:datafield ind1=" " ind2=" " tag="040">
            <marc:subfield code="a">DLC</marc:subfield>
            <marc:subfield code="c">DLC</marc:subfield>
          </marc:datafield>
          <marc:datafield ind1=" " ind2=" " tag="042">
            <marc:subfield code="a">lcac</marc:subfield>
          </marc:datafield>
          <marc:datafield ind1=" " ind2=" " tag="049">
            <marc:subfield code="a">IADA</marc:subfield>
          </marc:datafield>
          <marc:datafield ind1="0" ind2="0" tag="050">
            <marc:subfield code="a">PZ7.C8615</marc:subfield>
            <marc:subfield code="b">Wan 2000</marc:subfield>
          </marc:datafield>
          <marc:datafield ind1="0" ind2="0" tag="082">
            <marc:subfield code="a">[Fic]</marc:subfield>
            <marc:subfield code="2">21</marc:subfield>
          </marc:datafield>
          <marc:datafield ind1="1" ind2=" " tag="100">
            <marc:subfield code="a">Creech, Sharon.</marc:subfield>
            <marc:subfield code="4">aut</marc:subfield>
          </marc:datafield>
          <marc:datafield ind1="1" ind2="4" tag="245">
            <marc:subfield code="a">The Wanderer /</marc:subfield>
            <marc:subfield code="c">by Sharon Creech ; drawings by David Diaz.</marc:subfield>
          </marc:datafield>
          <marc:datafield ind1=" " ind2=" " tag="260">
            <marc:subfield code="a">New York :</marc:subfield>
            <marc:subfield code="b">HarperCollinsPublishers,</marc:subfield>
            <marc:subfield code="c">2000.</marc:subfield>
          </marc:datafield>
          <marc:datafield ind1=" " ind2=" " tag="300">
            <marc:subfield code="a">305 p. ;</marc:subfield>
            <marc:subfield code="c">22 cm.</marc:subfield>
          </marc:datafield>
          <marc:datafield ind1=" " ind2=" " tag="500">
            <marc:subfield code="a">"Joanna Cotler books."</marc:subfield>
          </marc:datafield>
          <marc:datafield ind1=" " ind2=" " tag="520">
            <marc:subfield code="a">Thirteen-year-old Sophie and her cousin Cody record their transatlantic crossing aboard the Wanderer, a forty-five foot sailboat, which, along with uncles and another cousin, is en route to visit their grandfather in England.</marc:subfield>
          </marc:datafield>
          <marc:datafield ind1=" " ind2=" " tag="521">
            <marc:subfield code="a">Ages: 8-12.</marc:subfield>
          </marc:datafield>
          <marc:datafield ind1=" " ind2=" " tag="521">
            <marc:subfield code="a">Grades 3-7.</marc:subfield>
          </marc:datafield>
          <marc:datafield ind1=" " ind2=" " tag="521">
            <marc:subfield code="a">Reading L: 5.2.</marc:subfield>
          </marc:datafield>
          <marc:datafield ind1=" " ind2=" " tag="586">
            <marc:subfield code="a">Newbery Honor, 2001.</marc:subfield>
          </marc:datafield>
          <marc:datafield ind1=" " ind2="1" tag="650">
            <marc:subfield code="a">Sailboats</marc:subfield>
            <marc:subfield code="v">Fiction.</marc:subfield>
          </marc:datafield>
          <marc:datafield ind1=" " ind2="1" tag="650">
            <marc:subfield code="a">Sailing</marc:subfield>
            <marc:subfield code="v">Fiction.</marc:subfield>
          </marc:datafield>
          <marc:datafield ind1=" " ind2="1" tag="650">
            <marc:subfield code="a">Ocean</marc:subfield>
            <marc:subfield code="v">Fiction.</marc:subfield>
          </marc:datafield>
          <marc:datafield ind1=" " ind2="1" tag="650">
            <marc:subfield code="a">Family life</marc:subfield>
            <marc:subfield code="v">Fiction.</marc:subfield>
          </marc:datafield>
          <marc:datafield ind1=" " ind2="1" tag="650">
            <marc:subfield code="a">Grandfathers</marc:subfield>
            <marc:subfield code="v">Fiction.</marc:subfield>
          </marc:datafield>
          <marc:datafield ind1=" " ind2="1" tag="650">
            <marc:subfield code="a">Sea stories.</marc:subfield>
          </marc:datafield>
          <marc:datafield ind1=" " ind2="0" tag="650">
            <marc:subfield code="a">Grandfathers</marc:subfield>
            <marc:subfield code="v">Juvenile fiction.</marc:subfield>
          </marc:datafield>
          <marc:datafield ind1=" " ind2="0" tag="650">
            <marc:subfield code="a">Sailboats</marc:subfield>
            <marc:subfield code="v">Juvenile fiction.</marc:subfield>
          </marc:datafield>
          <marc:datafield ind1=" " ind2="0" tag="650">
            <marc:subfield code="a">Sailing</marc:subfield>
            <marc:subfield code="v">Juvenile fiction.</marc:subfield>
          </marc:datafield>
          <marc:datafield ind1=" " ind2="0" tag="650">
            <marc:subfield code="a">Family life</marc:subfield>
            <marc:subfield code="v">Juvenile fiction.</marc:subfield>
          </marc:datafield>
          <marc:datafield ind1=" " ind2="0" tag="650">
            <marc:subfield code="a">Sea stories</marc:subfield>
            <marc:subfield code="v">Juvenile fiction.</marc:subfield>
          </marc:datafield>
          <marc:datafield ind1=" " ind2="0" tag="650">
            <marc:subfield code="a">Sea stories.</marc:subfield>
          </marc:datafield>
          <marc:datafield ind1="1" ind2=" " tag="700">
            <marc:subfield code="a">Diaz, David,</marc:subfield>
            <marc:subfield code="e">ill.</marc:subfield>
          </marc:datafield>
          <marc:datafield ind1=" " ind2=" " tag="994">
            <marc:subfield code="a">E0</marc:subfield>
            <marc:subfield code="b">IAD</marc:subfield>
          </marc:datafield>
          <marc:datafield tag="931" ind1=" " ind2=" ">
            <marc:subfield code="a">Text</marc:subfield>
            <marc:subfield code="5">UIUdb</marc:subfield>
          </marc:datafield>
          <marc:datafield tag="932" ind1=" " ind2=" ">
            <marc:subfield code="a">Language material</marc:subfield>
            <marc:subfield code="5">UIUdb</marc:subfield>
          </marc:datafield>
          <marc:datafield tag="933" ind1=" " ind2=" ">
            <marc:subfield code="a">Text</marc:subfield>
            <marc:subfield code="5">UIUdb</marc:subfield>
          </marc:datafield>
          <marc:datafield tag="935" ind1=" " ind2=" ">
            <marc:subfield code="a">Monograph/Item</marc:subfield>
            <marc:subfield code="5">UIUdb</marc:subfield>
          </marc:datafield>
          <marc:datafield tag="937" ind1=" " ind2=" ">
            <marc:subfield code="a">Fiction</marc:subfield>
            <marc:subfield code="5">UIUdb</marc:subfield>
          </marc:datafield>
          <marc:datafield tag="941" ind1=" " ind2=" ">
            <marc:subfield code="a">eng</marc:subfield>
            <marc:subfield code="5">UIUdb</marc:subfield>
          </marc:datafield>
          <marc:datafield tag="943" ind1=" " ind2=" ">
            <marc:subfield code="a">English</marc:subfield>
            <marc:subfield code="5">UIUdb</marc:subfield>
          </marc:datafield>
          <marc:datafield tag="945" ind1=" " ind2=" ">
            <marc:subfield code="a">Pre-adolescent</marc:subfield>
            <marc:subfield code="5">UIUdb</marc:subfield>
          </marc:datafield>
          <marc:datafield tag="947" ind1=" " ind2=" ">
            <marc:subfield code="a">0060277300</marc:subfield>
            <marc:subfield code="5">UIUdb</marc:subfield>
          </marc:datafield>
          <marc:datafield tag="947" ind1=" " ind2=" ">
            <marc:subfield code="a">0060277319 </marc:subfield>
            <marc:subfield code="5">UIUdb</marc:subfield>
          </marc:datafield>
          <marc:datafield tag="240" ind1="0" ind2="0">
            <marc:subfield code="a">Wanderer /</marc:subfield>
          </marc:datafield>
          <marc:datafield tag="965" ind1=" " ind2="1">
            <marc:subfield code="a">Sailboats</marc:subfield>
            <marc:subfield code="5">UIUdb</marc:subfield>
          </marc:datafield>
          <marc:datafield tag="965" ind1=" " ind2="1">
            <marc:subfield code="a">Sailing</marc:subfield>
            <marc:subfield code="5">UIUdb</marc:subfield>
          </marc:datafield>
          <marc:datafield tag="965" ind1=" " ind2="1">
            <marc:subfield code="a">Ocean</marc:subfield>
            <marc:subfield code="5">UIUdb</marc:subfield>
          </marc:datafield>
          <marc:datafield tag="965" ind1=" " ind2="1">
            <marc:subfield code="a">Family life</marc:subfield>
            <marc:subfield code="5">UIUdb</marc:subfield>
          </marc:datafield>
          <marc:datafield tag="965" ind1=" " ind2="1">
            <marc:subfield code="a">Grandfathers</marc:subfield>
            <marc:subfield code="5">UIUdb</marc:subfield>
          </marc:datafield>
          <marc:datafield tag="965" ind1=" " ind2="0">
            <marc:subfield code="a">Grandfathers</marc:subfield>
            <marc:subfield code="5">UIUdb</marc:subfield>
          </marc:datafield>
          <marc:datafield tag="965" ind1=" " ind2="0">
            <marc:subfield code="a">Sailboats</marc:subfield>
            <marc:subfield code="5">UIUdb</marc:subfield>
          </marc:datafield>
          <marc:datafield tag="965" ind1=" " ind2="0">
            <marc:subfield code="a">Sailing</marc:subfield>
            <marc:subfield code="5">UIUdb</marc:subfield>
          </marc:datafield>
          <marc:datafield tag="965" ind1=" " ind2="0">
            <marc:subfield code="a">Family life</marc:subfield>
            <marc:subfield code="5">UIUdb</marc:subfield>
          </marc:datafield>
          <marc:datafield tag="965" ind1=" " ind2="0">
            <marc:subfield code="a">Sea stories</marc:subfield>
            <marc:subfield code="5">UIUdb</marc:subfield>
          </marc:datafield>
          <marc:datafield tag="969" ind1=" " ind2="1">
            <marc:subfield code="v">Fiction.</marc:subfield>
            <marc:subfield code="5">UIUdb</marc:subfield>
          </marc:datafield>
          <marc:datafield tag="969" ind1=" " ind2="0">
            <marc:subfield code="v">Juvenile fiction.</marc:subfield>
            <marc:subfield code="5">UIUdb</marc:subfield>
          </marc:datafield>
          <marc:datafield tag="246" ind1="3" ind2="0">
            <marc:subfield code="a">Wanderer /</marc:subfield>
          </marc:datafield>
        </marc:record>
      </metadata>
    </record>
    <record>
      <header>
        <identifier>oai:mst.rochester.edu:MetadataServicesToolkit/marcnormalization/656</identifier>
        <datestamp>2012-01-09T19:09:09Z</datestamp>
        <setSpec>MARCXMLholding</setSpec>
      </header>
      <metadata>
        <marc:record xmlns:marc="http://www.loc.gov/MARC21/slim" xmlns:xsi="http://www.w3.org/2001/XMLSchema-instance" xsi:schemaLocation="http://www.loc.gov/MARC21/slim http://localhost:8080/OAIToolkit/schema/MARC21slim_custom.xsd">
          <marc:leader>00223cx  a22001095  4500</marc:leader>
          <marc:controlfield tag="001">684608</marc:controlfield>
          <marc:controlfield tag="003">WIUdb</marc:controlfield>
          <marc:controlfield tag="004">658746</marc:controlfield>
          <marc:controlfield tag="005">20110624135645.0</marc:controlfield>
          <marc:controlfield tag="007">ta</marc:controlfield>
          <marc:controlfield tag="008">0110172u    0   4002uueng0011017</marc:controlfield>
          <marc:datafield ind1="1" ind2=" " tag="852">
            <marc:subfield code="b">CL Stacks</marc:subfield>
            <marc:subfield code="k">CURRLIB.</marc:subfield>
            <marc:subfield code="h">813</marc:subfield>
            <marc:subfield code="i">C913wn</marc:subfield>
            <marc:subfield code="t">1</marc:subfield>
          </marc:datafield>
        </marc:record>
      </metadata>
    </record>
    <record>
      <header>
        <identifier>oai:mst.rochester.edu:MetadataServicesToolkit/marcnormalization/657</identifier>
        <datestamp>2012-01-09T19:09:09Z</datestamp>
        <setSpec>MARCXMLholding</setSpec>
      </header>
      <metadata>
        <marc:record xmlns:marc="http://www.loc.gov/MARC21/slim" xmlns:xsi="http://www.w3.org/2001/XMLSchema-instance" xsi:schemaLocation="http://www.loc.gov/MARC21/slim http://localhost:8080/OAIToolkit/schema/MARC21slim_custom.xsd">
          <marc:leader>00223cx  a22001095  4500</marc:leader>
          <marc:controlfield tag="001">684609</marc:controlfield>
          <marc:controlfield tag="003">WIUdb</marc:controlfield>
          <marc:controlfield tag="004">658746</marc:controlfield>
          <marc:controlfield tag="005">20110624135639.0</marc:controlfield>
          <marc:controlfield tag="007">ta</marc:controlfield>
          <marc:controlfield tag="008">0110172u    0   4002uueng0011017</marc:controlfield>
          <marc:datafield ind1="1" ind2=" " tag="852">
            <marc:subfield code="b">CL Stacks</marc:subfield>
            <marc:subfield code="k">CURRLIB.</marc:subfield>
            <marc:subfield code="h">813</marc:subfield>
            <marc:subfield code="i">C913wn</marc:subfield>
            <marc:subfield code="t">2</marc:subfield>
          </marc:datafield>
        </marc:record>
      </metadata>
    </record>
    <record>
      <header>
        <identifier>oai:mst.rochester.edu:MetadataServicesToolkit/marcnormalization/658</identifier>
        <datestamp>2012-01-09T19:09:09Z</datestamp>
        <setSpec>MARCXMLholding</setSpec>
      </header>
      <metadata>
        <marc:record xmlns:marc="http://www.loc.gov/MARC21/slim" xmlns:xsi="http://www.w3.org/2001/XMLSchema-instance" xsi:schemaLocation="http://www.loc.gov/MARC21/slim http://localhost:8080/OAIToolkit/schema/MARC21slim_custom.xsd">
          <marc:leader>00206cx  a22000971  4500</marc:leader>
          <marc:controlfield tag="001">718936</marc:controlfield>
          <marc:controlfield tag="003">WIUdb</marc:controlfield>
          <marc:controlfield tag="004">658746</marc:controlfield>
          <marc:controlfield tag="005">20051018105555.0</marc:controlfield>
          <marc:controlfield tag="008">0208140u    8   4001uu   0901128</marc:controlfield>
          <marc:datafield ind1="1" ind2=" " tag="852">
            <marc:subfield code="b">RC CurrCol</marc:subfield>
            <marc:subfield code="k">QUAD.</marc:subfield>
            <marc:subfield code="h">813</marc:subfield>
            <marc:subfield code="i">C913wn</marc:subfield>
            <marc:subfield code="t">3</marc:subfield>
          </marc:datafield>
        </marc:record>
      </metadata>
    </record>