
    <record>
      <header>
        <identifier>oai:mst.rochester.edu:MetadataServicesToolkit/marcnormalization/659</identifier>
        <datestamp>2012-01-09T19:09:09Z</datestamp>
        <setSpec>MARCXMLbibliographic</setSpec>
      </header>
      <metadata>
        <marc:record xmlns:marc="http://www.loc.gov/MARC21/slim" xmlns:xsi="http://www.w3.org/2001/XMLSchema-instance" xsi:schemaLocation="http://www.loc.gov/MARC21/slim http://localhost:8080/OAIToolkit/schema/MARC21slim_custom.xsd">
          <marc:leader>01467cam a2200301 a 4500</marc:leader>
          <marc:controlfield tag="001">483570</marc:controlfield>
          <marc:controlfield tag="003">WIUdb</marc:controlfield>
          <marc:controlfield tag="005">20020415202045.0</marc:controlfield>
          <marc:controlfield tag="008">891018s1990    inu           00110 eng  </marc:controlfield>
          <marc:datafield ind1=" " ind2=" " tag="020">
            <marc:subfield code="a">0268018715</marc:subfield>
            <marc:subfield code="c">$24.95</marc:subfield>
          </marc:datafield>
          <marc:datafield ind1=" " ind2=" " tag="035">
            <marc:subfield code="a">(OCoLC)20691010</marc:subfield>
          </marc:datafield>
          <marc:datafield ind1=" " ind2=" " tag="035">
            <marc:subfield code="9">ANB-5423</marc:subfield>
          </marc:datafield>
          <marc:datafield ind1=" " ind2=" " tag="040">
            <marc:subfield code="a">DLC</marc:subfield>
            <marc:subfield code="c">DLC</marc:subfield>
            <marc:subfield code="d">IHV</marc:subfield>
          </marc:datafield>
          <marc:datafield ind1="0" ind2=" " tag="050">
            <marc:subfield code="a">BJ37</marc:subfield>
            <marc:subfield code="b">.M23 1990</marc:subfield>
          </marc:datafield>
          <marc:datafield ind1="0" ind2=" " tag="082">
            <marc:subfield code="a">170/.9/034</marc:subfield>
            <marc:subfield code="2">20</marc:subfield>
          </marc:datafield>
          <marc:datafield ind1="1" ind2="0" tag="100">
            <marc:subfield code="a">MacIntyre, Alasdair C.</marc:subfield>
            <marc:subfield code="4">aut</marc:subfield>
          </marc:datafield>
          <marc:datafield ind1="1" ind2="0" tag="245">
            <marc:subfield code="a">Three rival versions of moral enquiry :</marc:subfield>
            <marc:subfield code="b">encyclopaedia, genealogy, and tradition : being Gifford lectures delivered in the University of Edinburgh in 1988 /</marc:subfield>
            <marc:subfield code="c">by Alasdair MacIntyre.</marc:subfield>
          </marc:datafield>
          <marc:datafield ind1="0" ind2=" " tag="260">
            <marc:subfield code="a">Notre Dame, Ind. :</marc:subfield>
            <marc:subfield code="b">University of Notre Dame Press,</marc:subfield>
            <marc:subfield code="c">c1990.</marc:subfield>
          </marc:datafield>
          <marc:datafield ind1=" " ind2=" " tag="300">
            <marc:subfield code="a">x, 241 p. ;</marc:subfield>
            <marc:subfield code="c">24 cm.</marc:subfield>
          </marc:datafield>
          <marc:datafield ind1="0" ind2=" " tag="505">
            <marc:subfield code="a">Adam Gifford's project in context -- Genealogies and subversions --  Too many Thomisms? -- Augustinian conception of moral enquiry -- Aristotle and/or/against Augustine -- Aquinas and the rationality of tradition -- In the aftermath of defeated tradition -- Tradition against encyclopaedia -- Tradition against genealogy -- Reconceiving the university as an institution and the lecture as a genre.</marc:subfield>
          </marc:datafield>
          <marc:datafield ind1="1" ind2="0" tag="600">
            <marc:subfield code="a">Nietzsche, Friedrich Wilhelm,</marc:subfield>
            <marc:subfield code="d">1844-1900.</marc:subfield>
            <marc:subfield code="t">Zur Genealogie der Moral.</marc:subfield>
          </marc:datafield>
          <marc:datafield ind1="2" ind2="0" tag="610">
            <marc:subfield code="a">Catholic Church.</marc:subfield>
            <marc:subfield code="b">Pope (1878-1903 : Leo XIII).</marc:subfield>
            <marc:subfield code="t">Aeterni Patris.</marc:subfield>
          </marc:datafield>
          <marc:datafield ind1="0" ind2="0" tag="630">
            <marc:subfield code="a">Encyclopædia Britannica.</marc:subfield>
          </marc:datafield>
          <marc:datafield ind1=" " ind2="0" tag="650">
            <marc:subfield code="a">Ethics.</marc:subfield>
          </marc:datafield>
          <marc:datafield ind1=" " ind2="0" tag="650">
            <marc:subfield code="a">Thomists</marc:subfield>
          </marc:datafield>
          <marc:datafield ind1=" " ind2="0" tag="650">
            <marc:subfield code="a">Ethics</marc:subfield>
            <marc:subfield code="x">Methodology.</marc:subfield>
          </marc:datafield>
          <marc:datafield ind1=" " ind2="0" tag="650">
            <marc:subfield code="a">Ethics, Modern</marc:subfield>
            <marc:subfield code="y">19th century</marc:subfield>
          </marc:datafield>
          <marc:datafield ind1="0" ind2="1" tag="740">
            <marc:subfield code="a">Gifford lectures.</marc:subfield>
          </marc:datafield>
          <marc:datafield tag="931" ind1=" " ind2=" ">
            <marc:subfield code="a">Text</marc:subfield>
            <marc:subfield code="5">UIUdb</marc:subfield>
          </marc:datafield>
          <marc:datafield tag="932" ind1=" " ind2=" ">
            <marc:subfield code="a">Language material</marc:subfield>
            <marc:subfield code="5">UIUdb</marc:subfield>
          </marc:datafield>
          <marc:datafield tag="933" ind1=" " ind2=" ">
            <marc:subfield code="a">Text</marc:subfield>
            <marc:subfield code="5">UIUdb</marc:subfield>
          </marc:datafield>
          <marc:datafield tag="935" ind1=" " ind2=" ">
            <marc:subfield code="a">Monograph/Item</marc:subfield>
            <marc:subfield code="5">UIUdb</marc:subfield>
          </marc:datafield>
          <marc:datafield tag="937" ind1=" " ind2=" ">
            <marc:subfield code="a">Non-Fiction</marc:subfield>
            <marc:subfield code="5">UIUdb</marc:subfield>
          </marc:datafield>
          <marc:datafield tag="941" ind1=" " ind2=" ">
            <marc:subfield code="a">eng</marc:subfield>
            <marc:subfield code="5">UIUdb</marc:subfield>
          </marc:datafield>
          <marc:datafield tag="943" ind1=" " ind2=" ">
            <marc:subfield code="a">English</marc:subfield>
            <marc:subfield code="5">UIUdb</marc:subfield>
          </marc:datafield>
          <marc:datafield tag="947" ind1=" " ind2=" ">
            <marc:subfield code="a">0268018715</marc:subfield>
            <marc:subfield code="5">UIUdb</marc:subfield>
          </marc:datafield>
          <marc:datafield tag="240" ind1="0" ind2="0">
            <marc:subfield code="a">Three rival versions of moral enquiry :</marc:subfield>
          </marc:datafield>
          <marc:datafield tag="965" ind1=" " ind2="0">
            <marc:subfield code="a">Ethics</marc:subfield>
            <marc:subfield code="5">UIUdb</marc:subfield>
          </marc:datafield>
          <marc:datafield tag="965" ind1=" " ind2="0">
            <marc:subfield code="a">Ethics, Modern</marc:subfield>
            <marc:subfield code="5">UIUdb</marc:subfield>
          </marc:datafield>
          <marc:datafield tag="965" ind1=" " ind2="0">
            <marc:subfield code="x">Methodology.</marc:subfield>
            <marc:subfield code="5">UIUdb</marc:subfield>
          </marc:datafield>
          <marc:datafield tag="963" ind1=" " ind2="0">
            <marc:subfield code="y">19th century</marc:subfield>
            <marc:subfield code="5">UIUdb</marc:subfield>
          </marc:datafield>
        </marc:record>
      </metadata>
    </record>
    <record>
      <header>
        <identifier>oai:mst.rochester.edu:MetadataServicesToolkit/marcnormalization/660</identifier>
        <datestamp>2012-01-09T19:09:09Z</datestamp>
        <setSpec>MARCXMLholding</setSpec>
      </header>
      <metadata>
        <marc:record xmlns:marc="http://www.loc.gov/MARC21/slim" xmlns:xsi="http://www.w3.org/2001/XMLSchema-instance" xsi:schemaLocation="http://www.loc.gov/MARC21/slim http://localhost:8080/OAIToolkit/schema/MARC21slim_custom.xsd">
          <marc:leader>00268cx  a22001335  4500</marc:leader>
          <marc:controlfield tag="001">499077</marc:controlfield>
          <marc:controlfield tag="003">WIUdb</marc:controlfield>
          <marc:controlfield tag="004">483570</marc:controlfield>
          <marc:controlfield tag="005">20050324142747.0</marc:controlfield>
          <marc:controlfield tag="007">ta</marc:controlfield>
          <marc:controlfield tag="008">9807312u    0   4001uueng0980731</marc:controlfield>
          <marc:datafield ind1="0" ind2=" " tag="014">
            <marc:subfield code="9">BVM-7182</marc:subfield>
          </marc:datafield>
          <marc:datafield ind1="0" ind2=" " tag="852">
            <marc:subfield code="b">Main Books</marc:subfield>
            <marc:subfield code="h">BJ37</marc:subfield>
            <marc:subfield code="i">.M23 1990</marc:subfield>
            <marc:subfield code="t">1</marc:subfield>
          </marc:datafield>
        </marc:record>
      </metadata>
    </record>