
    <record>
      <header>
        <identifier>oai:mst.rochester.edu:MetadataServicesToolkit/marcnormalization/664</identifier>
        <datestamp>2012-01-09T19:09:09Z</datestamp>
        <setSpec>MARCXMLbibliographic</setSpec>
      </header>
      <metadata>
        <marc:record xmlns:marc="http://www.loc.gov/MARC21/slim" xmlns:xsi="http://www.w3.org/2001/XMLSchema-instance" xsi:schemaLocation="http://www.loc.gov/MARC21/slim http://localhost:8080/OAIToolkit/schema/MARC21slim_custom.xsd">
          <marc:leader>03048cas a2200589 a 4500</marc:leader>
          <marc:controlfield tag="001">23578</marc:controlfield>
          <marc:controlfield tag="003">WIUdb</marc:controlfield>
          <marc:controlfield tag="005">20110223160433.0</marc:controlfield>
          <marc:controlfield tag="008">740108c19739999dcuar    f   f0   a0eng  </marc:controlfield>
          <marc:datafield ind1=" " ind2=" " tag="010">
            <marc:subfield code="a">   73646537 </marc:subfield>
            <marc:subfield code="z">   73064653 </marc:subfield>
          </marc:datafield>
          <marc:datafield ind1=" " ind2=" " tag="012">
            <marc:subfield code="a">2</marc:subfield>
            <marc:subfield code="b">3</marc:subfield>
            <marc:subfield code="d">7</marc:subfield>
            <marc:subfield code="e">-</marc:subfield>
            <marc:subfield code="f">-</marc:subfield>
            <marc:subfield code="g">p</marc:subfield>
            <marc:subfield code="h">-</marc:subfield>
            <marc:subfield code="i">8407</marc:subfield>
            <marc:subfield code="j">0</marc:subfield>
          </marc:datafield>
          <marc:datafield ind1=" " ind2=" " tag="019">
            <marc:subfield code="a">963015</marc:subfield>
            <marc:subfield code="a">3077581</marc:subfield>
            <marc:subfield code="a">5841032</marc:subfield>
            <marc:subfield code="a">14346043</marc:subfield>
          </marc:datafield>
          <marc:datafield ind1=" " ind2=" " tag="022">
            <marc:subfield code="a">0092-1904</marc:subfield>
            <marc:subfield code="2">1</marc:subfield>
          </marc:datafield>
          <marc:datafield ind1=" " ind2=" " tag="035">
            <marc:subfield code="a">(OCoLC)1788884</marc:subfield>
          </marc:datafield>
          <marc:datafield ind1=" " ind2=" " tag="037">
            <marc:subfield code="b">Supt. of Docs., U.S. Govt. Print. Off., Mail: Stop SSOP, Washington, DC 20402</marc:subfield>
          </marc:datafield>
          <marc:datafield ind1=" " ind2=" " tag="040">
            <marc:subfield code="a">DLC</marc:subfield>
            <marc:subfield code="c">DLC</marc:subfield>
            <marc:subfield code="d">OCL</marc:subfield>
            <marc:subfield code="d">DLC</marc:subfield>
            <marc:subfield code="d">GPO</marc:subfield>
            <marc:subfield code="d">DLC</marc:subfield>
            <marc:subfield code="d">NST</marc:subfield>
            <marc:subfield code="d">DLC</marc:subfield>
            <marc:subfield code="d">NST</marc:subfield>
            <marc:subfield code="d">RCS</marc:subfield>
            <marc:subfield code="d">OCL</marc:subfield>
            <marc:subfield code="d">NST</marc:subfield>
            <marc:subfield code="d">HUL</marc:subfield>
            <marc:subfield code="d">NST</marc:subfield>
            <marc:subfield code="d">NSD</marc:subfield>
            <marc:subfield code="d">NST</marc:subfield>
            <marc:subfield code="d">GPO</marc:subfield>
            <marc:subfield code="d">HUL</marc:subfield>
            <marc:subfield code="d">OCL</marc:subfield>
            <marc:subfield code="d">FUG</marc:subfield>
            <marc:subfield code="d">NST</marc:subfield>
            <marc:subfield code="d">GPO</marc:subfield>
            <marc:subfield code="d">DLC</marc:subfield>
            <marc:subfield code="d">OCL</marc:subfield>
            <marc:subfield code="d">HUL</marc:subfield>
            <marc:subfield code="d">NSD</marc:subfield>
            <marc:subfield code="d">OCL</marc:subfield>
            <marc:subfield code="d">GPO</marc:subfield>
            <marc:subfield code="d">NST</marc:subfield>
            <marc:subfield code="d">GPO</marc:subfield>
            <marc:subfield code="d">NST</marc:subfield>
            <marc:subfield code="d">AGL</marc:subfield>
            <marc:subfield code="d">NST</marc:subfield>
            <marc:subfield code="d">OCL</marc:subfield>
            <marc:subfield code="d">NST</marc:subfield>
            <marc:subfield code="d">GPO</marc:subfield>
            <marc:subfield code="d">DLC</marc:subfield>
            <marc:subfield code="d">GPO</marc:subfield>
            <marc:subfield code="d">IUL</marc:subfield>
            <marc:subfield code="d">GPO</marc:subfield>
            <marc:subfield code="d">IUL</marc:subfield>
            <marc:subfield code="d">GPO</marc:subfield>
            <marc:subfield code="d">SYS</marc:subfield>
            <marc:subfield code="d">NLM</marc:subfield>
            <marc:subfield code="d">OCLCQ</marc:subfield>
            <marc:subfield code="d">OCL</marc:subfield>
            <marc:subfield code="d">GPO</marc:subfield>
            <marc:subfield code="d">FMO</marc:subfield>
            <marc:subfield code="d">GPO</marc:subfield>
            <marc:subfield code="d">NIALS</marc:subfield>
            <marc:subfield code="d">U9S</marc:subfield>
            <marc:subfield code="d">DLC</marc:subfield>
          </marc:datafield>
          <marc:datafield ind1=" " ind2=" " tag="042">
            <marc:subfield code="a">lc</marc:subfield>
            <marc:subfield code="a">nsdp</marc:subfield>
          </marc:datafield>
          <marc:datafield ind1=" " ind2=" " tag="043">
            <marc:subfield code="a">n-us---</marc:subfield>
          </marc:datafield>
          <marc:datafield ind1=" " ind2=" " tag="049">
            <marc:subfield code="a">IAZA</marc:subfield>
          </marc:datafield>
          <marc:datafield ind1="0" ind2="0" tag="050">
            <marc:subfield code="a">JK421</marc:subfield>
            <marc:subfield code="b">.A3</marc:subfield>
          </marc:datafield>
          <marc:datafield ind1="0" ind2="0" tag="060">
            <marc:subfield code="a">JK 421</marc:subfield>
            <marc:subfield code="b">U57</marc:subfield>
          </marc:datafield>
          <marc:datafield ind1="0" ind2=" " tag="070">
            <marc:subfield code="a">173.2</marc:subfield>
            <marc:subfield code="b">N212U</marc:subfield>
          </marc:datafield>
          <marc:datafield ind1=" " ind2="0" tag="072">
            <marc:subfield code="a">X800</marc:subfield>
          </marc:datafield>
          <marc:datafield ind1=" " ind2=" " tag="074">
            <marc:subfield code="a">0577</marc:subfield>
          </marc:datafield>
          <marc:datafield ind1="0" ind2="0" tag="082">
            <marc:subfield code="a">353</marc:subfield>
          </marc:datafield>
          <marc:datafield ind1="0" ind2=" " tag="086">
            <marc:subfield code="a">GS 4.109:</marc:subfield>
          </marc:datafield>
          <marc:datafield ind1="0" ind2=" " tag="086">
            <marc:subfield code="a">AE 2.108/2:</marc:subfield>
          </marc:datafield>
          <marc:datafield ind1="0" ind2=" " tag="130">
            <marc:subfield code="a">United States government manual (Washington, D.C. : 1973)</marc:subfield>
          </marc:datafield>
          <marc:datafield ind1="0" ind2=" " tag="210">
            <marc:subfield code="a">U.S. gov. man.</marc:subfield>
            <marc:subfield code="b">(1974)</marc:subfield>
          </marc:datafield>
          <marc:datafield ind1=" " ind2="0" tag="222">
            <marc:subfield code="a">United States government manual</marc:subfield>
            <marc:subfield code="b">(1974)</marc:subfield>
          </marc:datafield>
          <marc:datafield ind1="0" ind2="4" tag="245">
            <marc:subfield code="a">The United States government manual.</marc:subfield>
          </marc:datafield>
          <marc:datafield ind1=" " ind2=" " tag="260">
            <marc:subfield code="a">Washington, D.C. :</marc:subfield>
            <marc:subfield code="b">Office of the Federal Register, National Archives and Records Service, General Services Administration :</marc:subfield>
            <marc:subfield code="b">For sale by the Supt. of Docs., U.S. G.P.O.,</marc:subfield>
            <marc:subfield code="c">[1973]-</marc:subfield>
          </marc:datafield>
          <marc:datafield ind1=" " ind2=" " tag="300">
            <marc:subfield code="a">v. :</marc:subfield>
            <marc:subfield code="b">ill. ;</marc:subfield>
            <marc:subfield code="c">24 cm.</marc:subfield>
          </marc:datafield>
          <marc:datafield ind1=" " ind2=" " tag="310">
            <marc:subfield code="a">Annual</marc:subfield>
          </marc:datafield>
          <marc:datafield ind1="0" ind2=" " tag="362">
            <marc:subfield code="a">1973/74-</marc:subfield>
          </marc:datafield>
          <marc:datafield ind1=" " ind2=" " tag="500">
            <marc:subfield code="a">Published as a special edition of the Federal register.</marc:subfield>
          </marc:datafield>
          <marc:datafield ind1=" " ind2=" " tag="500">
            <marc:subfield code="a">Latest issue consulted: 2007/2008.</marc:subfield>
          </marc:datafield>
          <marc:datafield ind1=" " ind2=" " tag="530">
            <marc:subfield code="a">Some issues also available via the Internet from the GPO Access web site. Address as of 3/1/99: http://www.access.gpo.gov/nara/nara001.html; current access is available via PURL.</marc:subfield>
          </marc:datafield>
          <marc:datafield ind1=" " ind2=" " tag="550">
            <marc:subfield code="a">Vols. for 1985/86- published by the Office of the Federal Register, National Archives and Records Administration.</marc:subfield>
          </marc:datafield>
          <marc:datafield ind1=" " ind2="0" tag="650">
            <marc:subfield code="a">Executive departments</marc:subfield>
            <marc:subfield code="z">United States</marc:subfield>
            <marc:subfield code="v">Handbooks, manuals, etc.</marc:subfield>
          </marc:datafield>
          <marc:datafield ind1=" " ind2="0" tag="650">
            <marc:subfield code="a">Administrative agencies</marc:subfield>
            <marc:subfield code="z">United States</marc:subfield>
            <marc:subfield code="v">Handbooks, manuals, etc.</marc:subfield>
          </marc:datafield>
          <marc:datafield ind1=" " ind2="2" tag="650">
            <marc:subfield code="a">Government</marc:subfield>
            <marc:subfield code="z">United States</marc:subfield>
            <marc:subfield code="v">Periodicals.</marc:subfield>
          </marc:datafield>
          <marc:datafield ind1=" " ind2="6" tag="650">
            <marc:subfield code="a">Institutions politiques</marc:subfield>
            <marc:subfield code="z">États-Unis.</marc:subfield>
          </marc:datafield>
          <marc:datafield ind1=" " ind2="0" tag="651">
            <marc:subfield code="a">United States</marc:subfield>
            <marc:subfield code="x">Politics and government</marc:subfield>
            <marc:subfield code="v">Handbooks, manuals, etc.</marc:subfield>
          </marc:datafield>
          <marc:datafield ind1="1" ind2=" " tag="710">
            <marc:subfield code="a">United States.</marc:subfield>
            <marc:subfield code="b">Office of the Federal Register.</marc:subfield>
          </marc:datafield>
          <marc:datafield ind1="1" ind2=" " tag="776">
            <marc:subfield code="t">United States government manual (Washington, D.C. : 1973 : Online)</marc:subfield>
            <marc:subfield code="x">1949-7717</marc:subfield>
            <marc:subfield code="w">(DLC)  2009231050</marc:subfield>
            <marc:subfield code="w">(OCoLC)41031145</marc:subfield>
          </marc:datafield>
          <marc:datafield ind1="0" ind2="0" tag="780">
            <marc:subfield code="t">United States government organization manual</marc:subfield>
            <marc:subfield code="x">0083-1174</marc:subfield>
            <marc:subfield code="w">(DLC)   35026025</marc:subfield>
            <marc:subfield code="w">(OCoLC)8508797</marc:subfield>
          </marc:datafield>
          <marc:datafield ind1=" " ind2=" " tag="850">
            <marc:subfield code="a">AAP</marc:subfield>
            <marc:subfield code="a">AU</marc:subfield>
            <marc:subfield code="a">CSf</marc:subfield>
            <marc:subfield code="a">CSt</marc:subfield>
            <marc:subfield code="a">CU</marc:subfield>
            <marc:subfield code="a">CU-Riv</marc:subfield>
            <marc:subfield code="a">CU-S</marc:subfield>
            <marc:subfield code="a">CU-SB</marc:subfield>
            <marc:subfield code="a">CaNBFU</marc:subfield>
            <marc:subfield code="a">CtHT</marc:subfield>
            <marc:subfield code="a">CtY-L</marc:subfield>
            <marc:subfield code="a">DLC</marc:subfield>
            <marc:subfield code="a">DNAL</marc:subfield>
            <marc:subfield code="a">DeU</marc:subfield>
            <marc:subfield code="a">FU</marc:subfield>
            <marc:subfield code="a">IC</marc:subfield>
            <marc:subfield code="a">ICA</marc:subfield>
            <marc:subfield code="a">ICRL</marc:subfield>
            <marc:subfield code="a">IaU</marc:subfield>
            <marc:subfield code="a">InU</marc:subfield>
            <marc:subfield code="a">KMK</marc:subfield>
            <marc:subfield code="a">LU</marc:subfield>
            <marc:subfield code="a">MBCo</marc:subfield>
            <marc:subfield code="a">MH-BA</marc:subfield>
            <marc:subfield code="a">MH-CS</marc:subfield>
            <marc:subfield code="a">MH-Ed</marc:subfield>
            <marc:subfield code="a">MH-GM</marc:subfield>
            <marc:subfield code="a">MH-GS</marc:subfield>
            <marc:subfield code="a">MH-Hi</marc:subfield>
            <marc:subfield code="a">MH-KG</marc:subfield>
            <marc:subfield code="a">MH-L</marc:subfield>
            <marc:subfield code="a">MH-SD</marc:subfield>
            <marc:subfield code="a">MH-Z</marc:subfield>
            <marc:subfield code="a">MnU</marc:subfield>
            <marc:subfield code="a">MoSU</marc:subfield>
            <marc:subfield code="a">MtBC</marc:subfield>
            <marc:subfield code="a">N</marc:subfield>
            <marc:subfield code="a">NNC</marc:subfield>
            <marc:subfield code="a">NcD</marc:subfield>
            <marc:subfield code="a">NcD-L</marc:subfield>
            <marc:subfield code="a">NcU</marc:subfield>
            <marc:subfield code="a">NvU</marc:subfield>
            <marc:subfield code="a">OCU</marc:subfield>
            <marc:subfield code="a">OU</marc:subfield>
            <marc:subfield code="a">OrU</marc:subfield>
            <marc:subfield code="a">OrU-S</marc:subfield>
            <marc:subfield code="a">ViRCU-H</marc:subfield>
            <marc:subfield code="a">ViU</marc:subfield>
          </marc:datafield>
          <marc:datafield ind1="4" ind2="1" tag="856">
            <marc:subfield code="u">http://purl.access.gpo.gov/GPO/LPS2410</marc:subfield>
          </marc:datafield>
          <marc:datafield ind1="3" ind2="3" tag="891">
            <marc:subfield code="9">853</marc:subfield>
            <marc:subfield code="8">1</marc:subfield>
            <marc:subfield code="a">(year/year)</marc:subfield>
          </marc:datafield>
          <marc:datafield ind1="4" ind2="0" tag="891">
            <marc:subfield code="9">863</marc:subfield>
            <marc:subfield code="8">1</marc:subfield>
            <marc:subfield code="a">&lt;1977/1978&gt;-</marc:subfield>
            <marc:subfield code="x">provisional</marc:subfield>
          </marc:datafield>
          <marc:datafield ind1=" " ind2=" " tag="994">
            <marc:subfield code="a">C0</marc:subfield>
            <marc:subfield code="b">IAZ</marc:subfield>
          </marc:datafield>
          <marc:datafield tag="931" ind1=" " ind2=" ">
            <marc:subfield code="a">Text</marc:subfield>
            <marc:subfield code="5">UIUdb</marc:subfield>
          </marc:datafield>
          <marc:datafield tag="932" ind1=" " ind2=" ">
            <marc:subfield code="a">Language material</marc:subfield>
            <marc:subfield code="5">UIUdb</marc:subfield>
          </marc:datafield>
          <marc:datafield tag="933" ind1=" " ind2=" ">
            <marc:subfield code="a">Text</marc:subfield>
            <marc:subfield code="5">UIUdb</marc:subfield>
          </marc:datafield>
          <marc:datafield tag="935" ind1=" " ind2=" ">
            <marc:subfield code="a">Serial</marc:subfield>
            <marc:subfield code="5">UIUdb</marc:subfield>
          </marc:datafield>
          <marc:datafield tag="937" ind1=" " ind2=" ">
            <marc:subfield code="a">Non-Fiction</marc:subfield>
            <marc:subfield code="5">UIUdb</marc:subfield>
          </marc:datafield>
          <marc:datafield tag="939" ind1=" " ind2=" ">
            <marc:subfield code="a">1973-    </marc:subfield>
            <marc:subfield code="5">UIUdb</marc:subfield>
          </marc:datafield>
          <marc:datafield tag="941" ind1=" " ind2=" ">
            <marc:subfield code="a">eng</marc:subfield>
            <marc:subfield code="5">UIUdb</marc:subfield>
          </marc:datafield>
          <marc:datafield tag="943" ind1=" " ind2=" ">
            <marc:subfield code="a">English</marc:subfield>
            <marc:subfield code="5">UIUdb</marc:subfield>
          </marc:datafield>
          <marc:datafield tag="965" ind1=" " ind2="0">
            <marc:subfield code="a">Executive departments</marc:subfield>
            <marc:subfield code="5">UIUdb</marc:subfield>
          </marc:datafield>
          <marc:datafield tag="965" ind1=" " ind2="0">
            <marc:subfield code="a">Administrative agencies</marc:subfield>
            <marc:subfield code="5">UIUdb</marc:subfield>
          </marc:datafield>
          <marc:datafield tag="965" ind1=" " ind2="2">
            <marc:subfield code="a">Government</marc:subfield>
            <marc:subfield code="5">UIUdb</marc:subfield>
          </marc:datafield>
          <marc:datafield tag="965" ind1=" " ind2="6">
            <marc:subfield code="a">Institutions politiques</marc:subfield>
            <marc:subfield code="5">UIUdb</marc:subfield>
          </marc:datafield>
          <marc:datafield tag="965" ind1=" " ind2="0">
            <marc:subfield code="x">Politics and government</marc:subfield>
            <marc:subfield code="5">UIUdb</marc:subfield>
          </marc:datafield>
          <marc:datafield tag="967" ind1=" " ind2="0">
            <marc:subfield code="a">United States</marc:subfield>
            <marc:subfield code="5">UIUdb</marc:subfield>
          </marc:datafield>
          <marc:datafield tag="967" ind1=" " ind2="2">
            <marc:subfield code="z">United States</marc:subfield>
            <marc:subfield code="5">UIUdb</marc:subfield>
          </marc:datafield>
          <marc:datafield tag="967" ind1=" " ind2="6">
            <marc:subfield code="z">États-Unis.</marc:subfield>
            <marc:subfield code="5">UIUdb</marc:subfield>
          </marc:datafield>
          <marc:datafield tag="969" ind1=" " ind2="0">
            <marc:subfield code="v">Handbooks, manuals, etc.</marc:subfield>
            <marc:subfield code="5">UIUdb</marc:subfield>
          </marc:datafield>
          <marc:datafield tag="969" ind1=" " ind2="2">
            <marc:subfield code="v">Periodicals.</marc:subfield>
            <marc:subfield code="5">UIUdb</marc:subfield>
          </marc:datafield>
        </marc:record>
      </metadata>
    </record>
    <record>
      <header>
        <identifier>oai:mst.rochester.edu:MetadataServicesToolkit/marcnormalization/665</identifier>
        <datestamp>2012-01-09T19:09:09Z</datestamp>
        <setSpec>MARCXMLholding</setSpec>
      </header>
      <metadata>
        <marc:record xmlns:marc="http://www.loc.gov/MARC21/slim" xmlns:xsi="http://www.w3.org/2001/XMLSchema-instance" xsi:schemaLocation="http://www.loc.gov/MARC21/slim http://localhost:8080/OAIToolkit/schema/MARC21slim_custom.xsd">
          <marc:leader>00470cy  a22001695  4500</marc:leader>
          <marc:controlfield tag="001">212084</marc:controlfield>
          <marc:controlfield tag="003">WIUdb</marc:controlfield>
          <marc:controlfield tag="004">23578</marc:controlfield>
          <marc:controlfield tag="005">20110223160327.0</marc:controlfield>
          <marc:controlfield tag="007">ta</marc:controlfield>
          <marc:controlfield tag="008">9807290u    0   0002uueng1980729</marc:controlfield>
          <marc:datafield ind1=" " ind2=" " tag="583">
            <marc:subfield code="x">current year/c.1(depository) = GPdesk ; previous year to WIU-QC Ref, effective 11/24/2009sjh</marc:subfield>
          </marc:datafield>
          <marc:datafield ind1="3" ind2=" " tag="852">
            <marc:subfield code="b">Gov Pubs</marc:subfield>
            <marc:subfield code="k">GOVPUBS.</marc:subfield>
            <marc:subfield code="h">AE 2.108/2:</marc:subfield>
            <marc:subfield code="t">1</marc:subfield>
          </marc:datafield>
          <marc:datafield ind1="2" ind2="3" tag="853">
            <marc:subfield code="8">2</marc:subfield>
            <marc:subfield code="a">(yr.)</marc:subfield>
            <marc:subfield code="t">c.</marc:subfield>
          </marc:datafield>
          <marc:datafield ind1="4" ind2="0" tag="863">
            <marc:subfield code="8">2.4952</marc:subfield>
            <marc:subfield code="a">2009-2010</marc:subfield>
            <marc:subfield code="t">1</marc:subfield>
          </marc:datafield>
          <marc:datafield ind1="4" ind2="0" tag="863">
            <marc:subfield code="8">2.4954</marc:subfield>
            <marc:subfield code="a">2008-2009</marc:subfield>
            <marc:subfield code="t">1</marc:subfield>
          </marc:datafield>
          <marc:datafield ind1="4" ind2="0" tag="863">
            <marc:subfield code="8">2.4956</marc:subfield>
            <marc:subfield code="a">2007-2008</marc:subfield>
            <marc:subfield code="t">1</marc:subfield>
          </marc:datafield>
        </marc:record>
      </metadata>
    </record>
    <record>
      <header>
        <identifier>oai:mst.rochester.edu:MetadataServicesToolkit/marcnormalization/666</identifier>
        <datestamp>2012-01-09T19:09:09Z</datestamp>
        <setSpec>MARCXMLholding</setSpec>
      </header>
      <metadata>
        <marc:record xmlns:marc="http://www.loc.gov/MARC21/slim" xmlns:xsi="http://www.w3.org/2001/XMLSchema-instance" xsi:schemaLocation="http://www.loc.gov/MARC21/slim http://localhost:8080/OAIToolkit/schema/MARC21slim_custom.xsd">
          <marc:leader>00273ny  a22001214  4500</marc:leader>
          <marc:controlfield tag="001">781770</marc:controlfield>
          <marc:controlfield tag="003">WIUdb</marc:controlfield>
          <marc:controlfield tag="004">23578</marc:controlfield>
          <marc:controlfield tag="005">20040122163040.0</marc:controlfield>
          <marc:controlfield tag="008">0401224u    8   1001uu   0901128</marc:controlfield>
          <marc:datafield ind1="3" ind2=" " tag="852">
            <marc:subfield code="b">Gov Pubs</marc:subfield>
            <marc:subfield code="k">GOVPUBS.</marc:subfield>
            <marc:subfield code="h">AE 2.108/2:</marc:subfield>
            <marc:subfield code="t">3</marc:subfield>
          </marc:datafield>
          <marc:datafield ind1="2" ind2="3" tag="853">
            <marc:subfield code="8">1</marc:subfield>
            <marc:subfield code="a">(year)</marc:subfield>
            <marc:subfield code="t">c.</marc:subfield>
          </marc:datafield>
          <marc:datafield ind1="4" ind2="0" tag="863">
            <marc:subfield code="8">1.5000</marc:subfield>
            <marc:subfield code="a">2003-2004</marc:subfield>
            <marc:subfield code="t">3</marc:subfield>
          </marc:datafield>
        </marc:record>
      </metadata>
    </record>
    <record>
      <header>
        <identifier>oai:mst.rochester.edu:MetadataServicesToolkit/marcnormalization/667</identifier>
        <datestamp>2012-01-09T19:09:09Z</datestamp>
        <setSpec>MARCXMLholding</setSpec>
      </header>
      <metadata>
        <marc:record xmlns:marc="http://www.loc.gov/MARC21/slim" xmlns:xsi="http://www.w3.org/2001/XMLSchema-instance" xsi:schemaLocation="http://www.loc.gov/MARC21/slim http://localhost:8080/OAIToolkit/schema/MARC21slim_custom.xsd">
          <marc:leader>00344nx  a22001094  4500</marc:leader>
          <marc:controlfield tag="001">847373</marc:controlfield>
          <marc:controlfield tag="003">WIUdb</marc:controlfield>
          <marc:controlfield tag="004">23578</marc:controlfield>
          <marc:controlfield tag="005">20050428182524.0</marc:controlfield>
          <marc:controlfield tag="008">0504284u    8   1001uu   0901128</marc:controlfield>
          <marc:datafield ind1="3" ind2=" " tag="852">
            <marc:subfield code="b">Gov Web</marc:subfield>
            <marc:subfield code="k">GOVWEB.</marc:subfield>
            <marc:subfield code="h">AE 2.108/2:</marc:subfield>
            <marc:subfield code="t">1</marc:subfield>
          </marc:datafield>
          <marc:datafield ind1="4" ind2="1" tag="856">
            <marc:subfield code="u">http://purl.access.gpo.gov/GPO/LPS2410</marc:subfield>
            <marc:subfield code="z">user may browse a specific issue or search for specific terms in one or more issues</marc:subfield>
          </marc:datafield>
        </marc:record>
      </metadata>
    </record>